%YAML 1.1
%TAG !u! tag:unity3d.com,2011:
--- !u!29 &1
SceneSettings:
  m_ObjectHideFlags: 0
  m_PVSData: 
  m_PVSObjectsArray: []
  m_PVSPortalsArray: []
  m_OcclusionBakeSettings:
    smallestOccluder: 5
    smallestHole: 0.25
    backfaceThreshold: 100
--- !u!104 &2
RenderSettings:
  m_ObjectHideFlags: 0
  serializedVersion: 7
  m_Fog: 0
  m_FogColor: {r: 0.5, g: 0.5, b: 0.5, a: 1}
  m_FogMode: 3
  m_FogDensity: 0.01
  m_LinearFogStart: 0
  m_LinearFogEnd: 300
  m_AmbientSkyColor: {r: 0.212, g: 0.227, b: 0.259, a: 1}
  m_AmbientEquatorColor: {r: 0.114, g: 0.125, b: 0.133, a: 1}
  m_AmbientGroundColor: {r: 0.047, g: 0.043, b: 0.035, a: 1}
  m_AmbientIntensity: 1
  m_AmbientMode: 0
  m_SkyboxMaterial: {fileID: 10304, guid: 0000000000000000f000000000000000, type: 0}
  m_HaloStrength: 0.5
  m_FlareStrength: 1
  m_FlareFadeSpeed: 3
  m_HaloTexture: {fileID: 0}
  m_SpotCookie: {fileID: 10001, guid: 0000000000000000e000000000000000, type: 0}
  m_DefaultReflectionMode: 0
  m_DefaultReflectionResolution: 128
  m_ReflectionBounces: 1
  m_ReflectionIntensity: 1
  m_CustomReflection: {fileID: 0}
  m_Sun: {fileID: 0}
  m_IndirectSpecularColor: {r: 0, g: 0, b: 0, a: 1}
--- !u!157 &4
LightmapSettings:
  m_ObjectHideFlags: 0
  serializedVersion: 7
  m_GIWorkflowMode: 0
  m_GISettings:
    serializedVersion: 2
    m_BounceScale: 1
    m_IndirectOutputScale: 1
    m_AlbedoBoost: 1
    m_TemporalCoherenceThreshold: 1
    m_EnvironmentLightingMode: 0
    m_EnableBakedLightmaps: 1
    m_EnableRealtimeLightmaps: 1
  m_LightmapEditorSettings:
    serializedVersion: 4
    m_Resolution: 2
    m_BakeResolution: 40
    m_TextureWidth: 1024
    m_TextureHeight: 1024
    m_AO: 0
    m_AOMaxDistance: 1
    m_CompAOExponent: 0
    m_CompAOExponentDirect: 0
    m_Padding: 2
    m_LightmapParameters: {fileID: 0}
    m_LightmapsBakeMode: 1
    m_TextureCompression: 1
    m_DirectLightInLightProbes: 1
    m_FinalGather: 0
    m_FinalGatherFiltering: 1
    m_FinalGatherRayCount: 1024
    m_ReflectionCompression: 2
  m_LightingDataAsset: {fileID: 0}
  m_RuntimeCPUUsage: 25
--- !u!196 &5
NavMeshSettings:
  serializedVersion: 2
  m_ObjectHideFlags: 0
  m_BuildSettings:
    serializedVersion: 2
    agentRadius: 0.5
    agentHeight: 2
    agentSlope: 45
    agentClimb: 0.4
    ledgeDropHeight: 0
    maxJumpAcrossDistance: 0
    accuratePlacement: 0
    minRegionArea: 2
    cellSize: 0.16666667
    manualCellSize: 0
  m_NavMeshData: {fileID: 0}
--- !u!1 &5853536
GameObject:
  m_ObjectHideFlags: 0
  m_PrefabParentObject: {fileID: 137018, guid: 0109fad48584ba14d89e5501fcedd2c1, type: 2}
  m_PrefabInternal: {fileID: 1001053369}
  serializedVersion: 4
  m_Component:
  - 224: {fileID: 5853537}
  - 222: {fileID: 5853539}
  - 114: {fileID: 5853538}
  m_Layer: 5
  m_Name: Text
  m_TagString: Untagged
  m_Icon: {fileID: 0}
  m_NavMeshLayer: 0
  m_StaticEditorFlags: 0
  m_IsActive: 1
--- !u!224 &5853537
RectTransform:
  m_ObjectHideFlags: 0
  m_PrefabParentObject: {fileID: 22437018, guid: 0109fad48584ba14d89e5501fcedd2c1,
    type: 2}
  m_PrefabInternal: {fileID: 1001053369}
  m_GameObject: {fileID: 5853536}
  m_LocalRotation: {x: 0, y: 0, z: 0, w: 1}
  m_LocalPosition: {x: 0, y: 0, z: 0}
  m_LocalScale: {x: 1, y: 1, z: 1}
  m_LocalEulerAnglesHint: {x: 0, y: 0, z: 0}
  m_Children: []
  m_Father: {fileID: 1180752388}
  m_RootOrder: 0
  m_AnchorMin: {x: 0.5, y: 0.5}
  m_AnchorMax: {x: 0.5, y: 0.5}
  m_AnchoredPosition: {x: 65.1, y: 0.00010109}
  m_SizeDelta: {x: 76.3, y: 30}
  m_Pivot: {x: 0.5, y: 0.5}
--- !u!114 &5853538
MonoBehaviour:
  m_ObjectHideFlags: 0
  m_PrefabParentObject: {fileID: 11437016, guid: 0109fad48584ba14d89e5501fcedd2c1,
    type: 2}
  m_PrefabInternal: {fileID: 1001053369}
  m_GameObject: {fileID: 5853536}
  m_Enabled: 1
  m_EditorHideFlags: 0
  m_Script: {fileID: 708705254, guid: f5f67c52d1564df4a8936ccd202a3bd8, type: 3}
  m_Name: 
  m_EditorClassIdentifier: 
  m_Material: {fileID: 0}
  m_Color: {r: 0.99215686, g: 0.99215686, b: 0.99215686, a: 0.42745098}
  m_RaycastTarget: 1
  m_OnCullStateChanged:
    m_PersistentCalls:
      m_Calls: []
    m_TypeName: UnityEngine.UI.MaskableGraphic+CullStateChangedEvent, UnityEngine.UI,
      Version=1.0.0.0, Culture=neutral, PublicKeyToken=null
  m_FontData:
    m_Font: {fileID: 12800000, guid: 218956a5c2a6e42d6a60afccf80b002b, type: 3}
    m_FontSize: 20
    m_FontStyle: 0
    m_BestFit: 0
    m_MinSize: 10
    m_MaxSize: 40
    m_Alignment: 3
    m_AlignByGeometry: 0
    m_RichText: 1
    m_HorizontalOverflow: 0
    m_VerticalOverflow: 0
    m_LineSpacing: 1
  m_Text: "70\u02DA"
--- !u!222 &5853539
CanvasRenderer:
  m_ObjectHideFlags: 0
  m_PrefabParentObject: {fileID: 22237018, guid: 0109fad48584ba14d89e5501fcedd2c1,
    type: 2}
  m_PrefabInternal: {fileID: 1001053369}
  m_GameObject: {fileID: 5853536}
--- !u!1 &89922553
GameObject:
  m_ObjectHideFlags: 0
  m_PrefabParentObject: {fileID: 137002, guid: 0109fad48584ba14d89e5501fcedd2c1, type: 2}
  m_PrefabInternal: {fileID: 1001053369}
  serializedVersion: 4
  m_Component:
  - 224: {fileID: 89922554}
  - 222: {fileID: 89922556}
  - 114: {fileID: 89922555}
  m_Layer: 5
  m_Name: Text
  m_TagString: Untagged
  m_Icon: {fileID: 0}
  m_NavMeshLayer: 0
  m_StaticEditorFlags: 0
  m_IsActive: 1
--- !u!224 &89922554
RectTransform:
  m_ObjectHideFlags: 0
  m_PrefabParentObject: {fileID: 22437002, guid: 0109fad48584ba14d89e5501fcedd2c1,
    type: 2}
  m_PrefabInternal: {fileID: 1001053369}
  m_GameObject: {fileID: 89922553}
  m_LocalRotation: {x: 0, y: 0, z: 0, w: 1}
  m_LocalPosition: {x: 0, y: 0, z: 0}
  m_LocalScale: {x: 1, y: 1, z: 1}
  m_LocalEulerAnglesHint: {x: 0, y: 0, z: 0}
  m_Children: []
  m_Father: {fileID: 1160538516}
  m_RootOrder: 0
  m_AnchorMin: {x: 0.5, y: 0.5}
  m_AnchorMax: {x: 0.5, y: 0.5}
  m_AnchoredPosition: {x: 64.7, y: 0.00010109}
  m_SizeDelta: {x: 76.3, y: 30}
  m_Pivot: {x: 0.5, y: 0.5}
--- !u!114 &89922555
MonoBehaviour:
  m_ObjectHideFlags: 0
  m_PrefabParentObject: {fileID: 11436998, guid: 0109fad48584ba14d89e5501fcedd2c1,
    type: 2}
  m_PrefabInternal: {fileID: 1001053369}
  m_GameObject: {fileID: 89922553}
  m_Enabled: 1
  m_EditorHideFlags: 0
  m_Script: {fileID: 708705254, guid: f5f67c52d1564df4a8936ccd202a3bd8, type: 3}
  m_Name: 
  m_EditorClassIdentifier: 
  m_Material: {fileID: 0}
  m_Color: {r: 0.99215686, g: 0.99215686, b: 0.99215686, a: 0.42745098}
  m_RaycastTarget: 1
  m_OnCullStateChanged:
    m_PersistentCalls:
      m_Calls: []
    m_TypeName: UnityEngine.UI.MaskableGraphic+CullStateChangedEvent, UnityEngine.UI,
      Version=1.0.0.0, Culture=neutral, PublicKeyToken=null
  m_FontData:
    m_Font: {fileID: 12800000, guid: 218956a5c2a6e42d6a60afccf80b002b, type: 3}
    m_FontSize: 20
    m_FontStyle: 0
    m_BestFit: 0
    m_MinSize: 10
    m_MaxSize: 40
    m_Alignment: 3
    m_AlignByGeometry: 0
    m_RichText: 1
    m_HorizontalOverflow: 0
    m_VerticalOverflow: 0
    m_LineSpacing: 1
  m_Text: 43mm
--- !u!222 &89922556
CanvasRenderer:
  m_ObjectHideFlags: 0
  m_PrefabParentObject: {fileID: 22237004, guid: 0109fad48584ba14d89e5501fcedd2c1,
    type: 2}
  m_PrefabInternal: {fileID: 1001053369}
  m_GameObject: {fileID: 89922553}
--- !u!1 &117517650
GameObject:
  m_ObjectHideFlags: 0
  m_PrefabParentObject: {fileID: 137008, guid: 0109fad48584ba14d89e5501fcedd2c1, type: 2}
  m_PrefabInternal: {fileID: 1001053369}
  serializedVersion: 4
  m_Component:
  - 224: {fileID: 117517651}
  - 222: {fileID: 117517653}
  - 114: {fileID: 117517652}
  m_Layer: 5
  m_Name: AppTitle
  m_TagString: Untagged
  m_Icon: {fileID: 0}
  m_NavMeshLayer: 0
  m_StaticEditorFlags: 0
  m_IsActive: 1
--- !u!224 &117517651
RectTransform:
  m_ObjectHideFlags: 0
  m_PrefabParentObject: {fileID: 22437008, guid: 0109fad48584ba14d89e5501fcedd2c1,
    type: 2}
  m_PrefabInternal: {fileID: 1001053369}
  m_GameObject: {fileID: 117517650}
  m_LocalRotation: {x: 0, y: 0, z: 0, w: 1}
  m_LocalPosition: {x: 0, y: 0, z: 0}
  m_LocalScale: {x: 1, y: 1, z: 1}
  m_LocalEulerAnglesHint: {x: 0, y: 0, z: 0}
  m_Children: []
  m_Father: {fileID: 299889877}
  m_RootOrder: 0
  m_AnchorMin: {x: 0.5, y: 0.5}
  m_AnchorMax: {x: 0.5, y: 0.5}
  m_AnchoredPosition: {x: -0.00011635, y: -77}
  m_SizeDelta: {x: 695, y: 109}
  m_Pivot: {x: 0.5, y: 0.5}
--- !u!114 &117517652
MonoBehaviour:
  m_ObjectHideFlags: 0
  m_PrefabParentObject: {fileID: 11437004, guid: 0109fad48584ba14d89e5501fcedd2c1,
    type: 2}
  m_PrefabInternal: {fileID: 1001053369}
  m_GameObject: {fileID: 117517650}
  m_Enabled: 1
  m_EditorHideFlags: 0
  m_Script: {fileID: 708705254, guid: f5f67c52d1564df4a8936ccd202a3bd8, type: 3}
  m_Name: 
  m_EditorClassIdentifier: 
  m_Material: {fileID: 0}
  m_Color: {r: 0.85490197, g: 0.85490197, b: 0.85490197, a: 1}
  m_RaycastTarget: 1
  m_OnCullStateChanged:
    m_PersistentCalls:
      m_Calls: []
    m_TypeName: UnityEngine.UI.MaskableGraphic+CullStateChangedEvent, UnityEngine.UI,
      Version=1.0.0.0, Culture=neutral, PublicKeyToken=null
  m_FontData:
    m_Font: {fileID: 12800000, guid: 218956a5c2a6e42d6a60afccf80b002b, type: 3}
    m_FontSize: 40
    m_FontStyle: 0
    m_BestFit: 0
    m_MinSize: 10
    m_MaxSize: 40
    m_Alignment: 0
    m_AlignByGeometry: 0
    m_RichText: 1
    m_HorizontalOverflow: 0
    m_VerticalOverflow: 1
    m_LineSpacing: 1
  m_Text: APP SAMPLE
--- !u!222 &117517653
CanvasRenderer:
  m_ObjectHideFlags: 0
  m_PrefabParentObject: {fileID: 22237010, guid: 0109fad48584ba14d89e5501fcedd2c1,
    type: 2}
  m_PrefabInternal: {fileID: 1001053369}
  m_GameObject: {fileID: 117517650}
--- !u!1 &299889876
GameObject:
  m_ObjectHideFlags: 0
  m_PrefabParentObject: {fileID: 137020, guid: 0109fad48584ba14d89e5501fcedd2c1, type: 2}
  m_PrefabInternal: {fileID: 1001053369}
  serializedVersion: 4
  m_Component:
  - 224: {fileID: 299889877}
  - 222: {fileID: 299889879}
  - 114: {fileID: 299889878}
  m_Layer: 5
  m_Name: AppTitle
  m_TagString: Untagged
  m_Icon: {fileID: 0}
  m_NavMeshLayer: 0
  m_StaticEditorFlags: 0
  m_IsActive: 1
--- !u!224 &299889877
RectTransform:
  m_ObjectHideFlags: 0
  m_PrefabParentObject: {fileID: 22437020, guid: 0109fad48584ba14d89e5501fcedd2c1,
    type: 2}
  m_PrefabInternal: {fileID: 1001053369}
  m_GameObject: {fileID: 299889876}
  m_LocalRotation: {x: 0, y: 0, z: 0, w: 1}
  m_LocalPosition: {x: 0, y: 0, z: 0}
  m_LocalScale: {x: 1, y: 1, z: 1}
  m_LocalEulerAnglesHint: {x: 0, y: 0, z: 0}
  m_Children:
  - {fileID: 117517651}
  m_Father: {fileID: 979342368}
  m_RootOrder: 0
  m_AnchorMin: {x: 0.5, y: 0.5}
  m_AnchorMax: {x: 0.5, y: 0.5}
  m_AnchoredPosition: {x: 28, y: 405}
  m_SizeDelta: {x: 695, y: 109}
  m_Pivot: {x: 0.5, y: 0.5}
--- !u!114 &299889878
MonoBehaviour:
  m_ObjectHideFlags: 0
  m_PrefabParentObject: {fileID: 11437018, guid: 0109fad48584ba14d89e5501fcedd2c1,
    type: 2}
  m_PrefabInternal: {fileID: 1001053369}
  m_GameObject: {fileID: 299889876}
  m_Enabled: 1
  m_EditorHideFlags: 0
  m_Script: {fileID: 708705254, guid: f5f67c52d1564df4a8936ccd202a3bd8, type: 3}
  m_Name: 
  m_EditorClassIdentifier: 
  m_Material: {fileID: 0}
  m_Color: {r: 0.85490197, g: 0.85490197, b: 0.85490197, a: 1}
  m_RaycastTarget: 1
  m_OnCullStateChanged:
    m_PersistentCalls:
      m_Calls: []
    m_TypeName: UnityEngine.UI.MaskableGraphic+CullStateChangedEvent, UnityEngine.UI,
      Version=1.0.0.0, Culture=neutral, PublicKeyToken=null
  m_FontData:
    m_Font: {fileID: 12800000, guid: 218956a5c2a6e42d6a60afccf80b002b, type: 3}
    m_FontSize: 75
    m_FontStyle: 0
    m_BestFit: 0
    m_MinSize: 10
    m_MaxSize: 75
    m_Alignment: 0
    m_AlignByGeometry: 0
    m_RichText: 1
    m_HorizontalOverflow: 0
    m_VerticalOverflow: 1
    m_LineSpacing: 1
  m_Text: WEATHER WATCH
--- !u!222 &299889879
CanvasRenderer:
  m_ObjectHideFlags: 0
  m_PrefabParentObject: {fileID: 22237020, guid: 0109fad48584ba14d89e5501fcedd2c1,
    type: 2}
  m_PrefabInternal: {fileID: 1001053369}
  m_GameObject: {fileID: 299889876}
--- !u!1 &344971736
GameObject:
  m_ObjectHideFlags: 0
  m_PrefabParentObject: {fileID: 137016, guid: 0109fad48584ba14d89e5501fcedd2c1, type: 2}
  m_PrefabInternal: {fileID: 1001053369}
  serializedVersion: 4
  m_Component:
  - 224: {fileID: 344971737}
  - 222: {fileID: 344971739}
  - 114: {fileID: 344971738}
  m_Layer: 5
  m_Name: Text
  m_TagString: Untagged
  m_Icon: {fileID: 0}
  m_NavMeshLayer: 0
  m_StaticEditorFlags: 0
  m_IsActive: 1
--- !u!224 &344971737
RectTransform:
  m_ObjectHideFlags: 0
  m_PrefabParentObject: {fileID: 22437016, guid: 0109fad48584ba14d89e5501fcedd2c1,
    type: 2}
  m_PrefabInternal: {fileID: 1001053369}
  m_GameObject: {fileID: 344971736}
  m_LocalRotation: {x: 0, y: 0, z: 0, w: 1}
  m_LocalPosition: {x: 0, y: 0, z: 0}
  m_LocalScale: {x: 1, y: 1, z: 1}
  m_LocalEulerAnglesHint: {x: 0, y: 0, z: 0}
  m_Children: []
  m_Father: {fileID: 1329889569}
  m_RootOrder: 0
  m_AnchorMin: {x: 0.5, y: 0.5}
  m_AnchorMax: {x: 0.5, y: 0.5}
  m_AnchoredPosition: {x: 61.5, y: 0.00010109}
  m_SizeDelta: {x: 76.3, y: 30}
  m_Pivot: {x: 0.5, y: 0.5}
--- !u!114 &344971738
MonoBehaviour:
  m_ObjectHideFlags: 0
  m_PrefabParentObject: {fileID: 11437014, guid: 0109fad48584ba14d89e5501fcedd2c1,
    type: 2}
  m_PrefabInternal: {fileID: 1001053369}
  m_GameObject: {fileID: 344971736}
  m_Enabled: 1
  m_EditorHideFlags: 0
  m_Script: {fileID: 708705254, guid: f5f67c52d1564df4a8936ccd202a3bd8, type: 3}
  m_Name: 
  m_EditorClassIdentifier: 
  m_Material: {fileID: 0}
  m_Color: {r: 0.99215686, g: 0.99215686, b: 0.99215686, a: 0.42745098}
  m_RaycastTarget: 1
  m_OnCullStateChanged:
    m_PersistentCalls:
      m_Calls: []
    m_TypeName: UnityEngine.UI.MaskableGraphic+CullStateChangedEvent, UnityEngine.UI,
      Version=1.0.0.0, Culture=neutral, PublicKeyToken=null
  m_FontData:
    m_Font: {fileID: 12800000, guid: 218956a5c2a6e42d6a60afccf80b002b, type: 3}
    m_FontSize: 20
    m_FontStyle: 0
    m_BestFit: 0
    m_MinSize: 10
    m_MaxSize: 40
    m_Alignment: 3
    m_AlignByGeometry: 0
    m_RichText: 1
    m_HorizontalOverflow: 0
    m_VerticalOverflow: 0
    m_LineSpacing: 1
  m_Text: 7 m/s
--- !u!222 &344971739
CanvasRenderer:
  m_ObjectHideFlags: 0
  m_PrefabParentObject: {fileID: 22237016, guid: 0109fad48584ba14d89e5501fcedd2c1,
    type: 2}
  m_PrefabInternal: {fileID: 1001053369}
  m_GameObject: {fileID: 344971736}
--- !u!1 &566732808
GameObject:
  m_ObjectHideFlags: 0
  m_PrefabParentObject: {fileID: 137026, guid: 0109fad48584ba14d89e5501fcedd2c1, type: 2}
  m_PrefabInternal: {fileID: 1001053369}
  serializedVersion: 4
  m_Component:
  - 224: {fileID: 566732809}
  - 222: {fileID: 566732812}
  - 114: {fileID: 566732811}
  - 114: {fileID: 566732810}
  m_Layer: 5
  m_Name: Panel
  m_TagString: Untagged
  m_Icon: {fileID: 0}
  m_NavMeshLayer: 0
  m_StaticEditorFlags: 0
  m_IsActive: 1
--- !u!224 &566732809
RectTransform:
  m_ObjectHideFlags: 0
  m_PrefabParentObject: {fileID: 22437026, guid: 0109fad48584ba14d89e5501fcedd2c1,
    type: 2}
  m_PrefabInternal: {fileID: 1001053369}
  m_GameObject: {fileID: 566732808}
  m_LocalRotation: {x: 0, y: 0, z: 0, w: 1}
  m_LocalPosition: {x: 0, y: 0, z: 0}
  m_LocalScale: {x: 1, y: 1, z: 1}
  m_LocalEulerAnglesHint: {x: 0, y: 0, z: 0}
  m_Children:
  - {fileID: 1151463607}
  - {fileID: 1160538516}
  - {fileID: 1329889569}
  - {fileID: 1180752388}
  - {fileID: 1367429668}
  - {fileID: 927772210}
  m_Father: {fileID: 979342368}
  m_RootOrder: 1
  m_AnchorMin: {x: 0, y: 0}
  m_AnchorMax: {x: 0, y: 0}
  m_AnchoredPosition: {x: 318, y: 318}
  m_SizeDelta: {x: 636, y: 636}
  m_Pivot: {x: 0.5, y: 0.5}
--- !u!114 &566732810
MonoBehaviour:
  m_ObjectHideFlags: 0
  m_PrefabParentObject: {fileID: 11437026, guid: 0109fad48584ba14d89e5501fcedd2c1,
    type: 2}
  m_PrefabInternal: {fileID: 1001053369}
  m_GameObject: {fileID: 566732808}
  m_Enabled: 1
  m_EditorHideFlags: 0
  m_Script: {fileID: -1200242548, guid: f5f67c52d1564df4a8936ccd202a3bd8, type: 3}
  m_Name: 
  m_EditorClassIdentifier: 
  m_ShowMaskGraphic: 1
--- !u!114 &566732811
MonoBehaviour:
  m_ObjectHideFlags: 0
  m_PrefabParentObject: {fileID: 11437024, guid: 0109fad48584ba14d89e5501fcedd2c1,
    type: 2}
  m_PrefabInternal: {fileID: 1001053369}
  m_GameObject: {fileID: 566732808}
  m_Enabled: 1
  m_EditorHideFlags: 0
  m_Script: {fileID: -765806418, guid: f5f67c52d1564df4a8936ccd202a3bd8, type: 3}
  m_Name: 
  m_EditorClassIdentifier: 
  m_Material: {fileID: 0}
  m_Color: {r: 0.972549, g: 0.5137255, b: 0.4392157, a: 1}
  m_RaycastTarget: 1
  m_OnCullStateChanged:
    m_PersistentCalls:
      m_Calls: []
    m_TypeName: UnityEngine.UI.MaskableGraphic+CullStateChangedEvent, UnityEngine.UI,
      Version=1.0.0.0, Culture=neutral, PublicKeyToken=null
  m_Sprite: {fileID: 21300000, guid: 291502478103f274da140dc9d17c64dc, type: 3}
  m_Type: 0
  m_PreserveAspect: 0
  m_FillCenter: 1
  m_FillMethod: 4
  m_FillAmount: 1
  m_FillClockwise: 1
  m_FillOrigin: 0
--- !u!222 &566732812
CanvasRenderer:
  m_ObjectHideFlags: 0
  m_PrefabParentObject: {fileID: 22237026, guid: 0109fad48584ba14d89e5501fcedd2c1,
    type: 2}
  m_PrefabInternal: {fileID: 1001053369}
  m_GameObject: {fileID: 566732808}
--- !u!1 &788998647
GameObject:
  m_ObjectHideFlags: 0
  m_PrefabParentObject: {fileID: 137004, guid: 0109fad48584ba14d89e5501fcedd2c1, type: 2}
  m_PrefabInternal: {fileID: 1001053369}
  serializedVersion: 4
  m_Component:
  - 224: {fileID: 788998648}
  - 222: {fileID: 788998650}
  - 114: {fileID: 788998649}
  m_Layer: 5
  m_Name: Text
  m_TagString: Untagged
  m_Icon: {fileID: 0}
  m_NavMeshLayer: 0
  m_StaticEditorFlags: 0
  m_IsActive: 1
--- !u!224 &788998648
RectTransform:
  m_ObjectHideFlags: 0
  m_PrefabParentObject: {fileID: 22437004, guid: 0109fad48584ba14d89e5501fcedd2c1,
    type: 2}
  m_PrefabInternal: {fileID: 1001053369}
  m_GameObject: {fileID: 788998647}
  m_LocalRotation: {x: 0, y: 0, z: 0, w: 1}
  m_LocalPosition: {x: 0, y: 0, z: 0}
  m_LocalScale: {x: 1, y: 1, z: 1}
  m_LocalEulerAnglesHint: {x: 0, y: 0, z: 0}
  m_Children: []
  m_Father: {fileID: 1151463607}
  m_RootOrder: 0
  m_AnchorMin: {x: 0.5, y: 0.5}
  m_AnchorMax: {x: 0.5, y: 0.5}
  m_AnchoredPosition: {x: -112.95, y: 61}
  m_SizeDelta: {x: 317, y: 244}
  m_Pivot: {x: 0.5, y: 0.5}
--- !u!114 &788998649
MonoBehaviour:
  m_ObjectHideFlags: 0
  m_PrefabParentObject: {fileID: 11437000, guid: 0109fad48584ba14d89e5501fcedd2c1,
    type: 2}
  m_PrefabInternal: {fileID: 1001053369}
  m_GameObject: {fileID: 788998647}
  m_Enabled: 1
  m_EditorHideFlags: 0
  m_Script: {fileID: 708705254, guid: f5f67c52d1564df4a8936ccd202a3bd8, type: 3}
  m_Name: 
  m_EditorClassIdentifier: 
  m_Material: {fileID: 0}
  m_Color: {r: 0.99215686, g: 0.99215686, b: 0.99215686, a: 1}
  m_RaycastTarget: 1
  m_OnCullStateChanged:
    m_PersistentCalls:
      m_Calls: []
    m_TypeName: UnityEngine.UI.MaskableGraphic+CullStateChangedEvent, UnityEngine.UI,
      Version=1.0.0.0, Culture=neutral, PublicKeyToken=null
  m_FontData:
    m_Font: {fileID: 12800000, guid: 5c425d43bb0df45ca8eb162d5154251e, type: 3}
    m_FontSize: 160
    m_FontStyle: 0
    m_BestFit: 0
    m_MinSize: 10
    m_MaxSize: 160
    m_Alignment: 0
    m_AlignByGeometry: 0
    m_RichText: 1
    m_HorizontalOverflow: 0
    m_VerticalOverflow: 0
    m_LineSpacing: 1
  m_Text: "64\u02DA"
--- !u!222 &788998650
CanvasRenderer:
  m_ObjectHideFlags: 0
  m_PrefabParentObject: {fileID: 22237006, guid: 0109fad48584ba14d89e5501fcedd2c1,
    type: 2}
  m_PrefabInternal: {fileID: 1001053369}
  m_GameObject: {fileID: 788998647}
--- !u!1 &927772209
GameObject:
  m_ObjectHideFlags: 0
  m_PrefabParentObject: {fileID: 137006, guid: 0109fad48584ba14d89e5501fcedd2c1, type: 2}
  m_PrefabInternal: {fileID: 1001053369}
  serializedVersion: 4
  m_Component:
  - 224: {fileID: 927772210}
  - 222: {fileID: 927772212}
  - 114: {fileID: 927772211}
  m_Layer: 5
  m_Name: CircleStroke
  m_TagString: Untagged
  m_Icon: {fileID: 0}
  m_NavMeshLayer: 0
  m_StaticEditorFlags: 0
  m_IsActive: 1
--- !u!224 &927772210
RectTransform:
  m_ObjectHideFlags: 0
  m_PrefabParentObject: {fileID: 22437006, guid: 0109fad48584ba14d89e5501fcedd2c1,
    type: 2}
  m_PrefabInternal: {fileID: 1001053369}
  m_GameObject: {fileID: 927772209}
  m_LocalRotation: {x: 0, y: 0, z: 0, w: 1}
  m_LocalPosition: {x: 0, y: 0, z: 0}
  m_LocalScale: {x: 1, y: 1, z: 1}
  m_LocalEulerAnglesHint: {x: 0, y: 0, z: 0}
  m_Children: []
  m_Father: {fileID: 566732809}
  m_RootOrder: 5
  m_AnchorMin: {x: 0, y: 0}
  m_AnchorMax: {x: 0, y: 0}
  m_AnchoredPosition: {x: 318, y: 318}
  m_SizeDelta: {x: 636, y: 636}
  m_Pivot: {x: 0.5, y: 0.5}
--- !u!114 &927772211
MonoBehaviour:
  m_ObjectHideFlags: 0
  m_PrefabParentObject: {fileID: 11437002, guid: 0109fad48584ba14d89e5501fcedd2c1,
    type: 2}
  m_PrefabInternal: {fileID: 1001053369}
  m_GameObject: {fileID: 927772209}
  m_Enabled: 1
  m_EditorHideFlags: 0
  m_Script: {fileID: -765806418, guid: f5f67c52d1564df4a8936ccd202a3bd8, type: 3}
  m_Name: 
  m_EditorClassIdentifier: 
  m_Material: {fileID: 0}
  m_Color: {r: 0.99215686, g: 0.99215686, b: 0.99215686, a: 1}
  m_RaycastTarget: 1
  m_OnCullStateChanged:
    m_PersistentCalls:
      m_Calls: []
    m_TypeName: UnityEngine.UI.MaskableGraphic+CullStateChangedEvent, UnityEngine.UI,
      Version=1.0.0.0, Culture=neutral, PublicKeyToken=null
  m_Sprite: {fileID: 21300000, guid: 73ff9b0cba4d93a41b8b2f045a8d52c1, type: 3}
  m_Type: 0
  m_PreserveAspect: 0
  m_FillCenter: 1
  m_FillMethod: 4
  m_FillAmount: 1
  m_FillClockwise: 1
  m_FillOrigin: 0
--- !u!222 &927772212
CanvasRenderer:
  m_ObjectHideFlags: 0
  m_PrefabParentObject: {fileID: 22237008, guid: 0109fad48584ba14d89e5501fcedd2c1,
    type: 2}
  m_PrefabInternal: {fileID: 1001053369}
  m_GameObject: {fileID: 927772209}
--- !u!1 &979342364
GameObject:
  m_ObjectHideFlags: 0
  m_PrefabParentObject: {fileID: 137010, guid: 0109fad48584ba14d89e5501fcedd2c1, type: 2}
  m_PrefabInternal: {fileID: 1001053369}
  serializedVersion: 4
  m_Component:
  - 224: {fileID: 979342368}
  - 223: {fileID: 979342367}
  - 114: {fileID: 979342366}
  - 114: {fileID: 979342365}
  m_Layer: 5
  m_Name: WatchWeatherApp_1
  m_TagString: Untagged
  m_Icon: {fileID: 0}
  m_NavMeshLayer: 0
  m_StaticEditorFlags: 0
  m_IsActive: 1
--- !u!114 &979342365
MonoBehaviour:
  m_ObjectHideFlags: 0
  m_PrefabParentObject: {fileID: 11437008, guid: 0109fad48584ba14d89e5501fcedd2c1,
    type: 2}
  m_PrefabInternal: {fileID: 1001053369}
  m_GameObject: {fileID: 979342364}
  m_Enabled: 1
  m_EditorHideFlags: 0
  m_Script: {fileID: 1301386320, guid: f5f67c52d1564df4a8936ccd202a3bd8, type: 3}
  m_Name: 
  m_EditorClassIdentifier: 
  m_IgnoreReversedGraphics: 1
  m_BlockingObjects: 0
  m_BlockingMask:
    serializedVersion: 2
    m_Bits: 4294967295
--- !u!114 &979342366
MonoBehaviour:
  m_ObjectHideFlags: 0
  m_PrefabParentObject: {fileID: 11437006, guid: 0109fad48584ba14d89e5501fcedd2c1,
    type: 2}
  m_PrefabInternal: {fileID: 1001053369}
  m_GameObject: {fileID: 979342364}
  m_Enabled: 1
  m_EditorHideFlags: 0
  m_Script: {fileID: 1980459831, guid: f5f67c52d1564df4a8936ccd202a3bd8, type: 3}
  m_Name: 
  m_EditorClassIdentifier: 
  m_UiScaleMode: 1
  m_ReferencePixelsPerUnit: 100
  m_ScaleFactor: 1
  m_ReferenceResolution: {x: 636, y: 636}
  m_ScreenMatchMode: 0
  m_MatchWidthOrHeight: 1
  m_PhysicalUnit: 3
  m_FallbackScreenDPI: 96
  m_DefaultSpriteDPI: 96
  m_DynamicPixelsPerUnit: 1
--- !u!223 &979342367
Canvas:
  m_ObjectHideFlags: 0
  m_PrefabParentObject: {fileID: 22337026, guid: 0109fad48584ba14d89e5501fcedd2c1,
    type: 2}
  m_PrefabInternal: {fileID: 1001053369}
  m_GameObject: {fileID: 979342364}
  m_Enabled: 1
  serializedVersion: 2
  m_RenderMode: 0
  m_Camera: {fileID: 0}
  m_PlaneDistance: 100
  m_PixelPerfect: 1
  m_ReceivesEvents: 1
  m_OverrideSorting: 0
  m_OverridePixelPerfect: 0
  m_SortingBucketNormalizedSize: 0
  m_SortingLayerID: 0
  m_SortingOrder: 0
  m_TargetDisplay: 0
--- !u!224 &979342368
RectTransform:
  m_ObjectHideFlags: 0
  m_PrefabParentObject: {fileID: 22437010, guid: 0109fad48584ba14d89e5501fcedd2c1,
    type: 2}
  m_PrefabInternal: {fileID: 1001053369}
  m_GameObject: {fileID: 979342364}
  m_LocalRotation: {x: 0, y: 0, z: 0, w: 1}
  m_LocalPosition: {x: 0, y: 0, z: 0}
  m_LocalScale: {x: 0, y: 0, z: 0}
  m_LocalEulerAnglesHint: {x: 0, y: 0, z: 0}
  m_Children:
  - {fileID: 299889877}
  - {fileID: 566732809}
  m_Father: {fileID: 0}
  m_RootOrder: 0
  m_AnchorMin: {x: 0, y: 0}
  m_AnchorMax: {x: 0, y: 0}
  m_AnchoredPosition: {x: 0, y: 0}
  m_SizeDelta: {x: 0, y: 0}
  m_Pivot: {x: 0, y: 0}
--- !u!1001 &1001053369
Prefab:
  m_ObjectHideFlags: 0
  serializedVersion: 2
  m_Modification:
    m_TransformParent: {fileID: 0}
    m_Modifications:
    - target: {fileID: 22437010, guid: 0109fad48584ba14d89e5501fcedd2c1, type: 2}
      propertyPath: m_LocalPosition.x
      value: 0
      objectReference: {fileID: 0}
    - target: {fileID: 22437010, guid: 0109fad48584ba14d89e5501fcedd2c1, type: 2}
      propertyPath: m_LocalPosition.y
      value: 0
      objectReference: {fileID: 0}
    - target: {fileID: 22437010, guid: 0109fad48584ba14d89e5501fcedd2c1, type: 2}
      propertyPath: m_LocalPosition.z
      value: 0
      objectReference: {fileID: 0}
    - target: {fileID: 22437010, guid: 0109fad48584ba14d89e5501fcedd2c1, type: 2}
      propertyPath: m_LocalRotation.x
      value: 0
      objectReference: {fileID: 0}
    - target: {fileID: 22437010, guid: 0109fad48584ba14d89e5501fcedd2c1, type: 2}
      propertyPath: m_LocalRotation.y
      value: 0
      objectReference: {fileID: 0}
    - target: {fileID: 22437010, guid: 0109fad48584ba14d89e5501fcedd2c1, type: 2}
      propertyPath: m_LocalRotation.z
      value: 0
      objectReference: {fileID: 0}
    - target: {fileID: 22437010, guid: 0109fad48584ba14d89e5501fcedd2c1, type: 2}
      propertyPath: m_LocalRotation.w
      value: 1
      objectReference: {fileID: 0}
    - target: {fileID: 22437010, guid: 0109fad48584ba14d89e5501fcedd2c1, type: 2}
      propertyPath: m_RootOrder
      value: 0
      objectReference: {fileID: 0}
    - target: {fileID: 22437010, guid: 0109fad48584ba14d89e5501fcedd2c1, type: 2}
      propertyPath: m_AnchoredPosition.x
      value: 0
      objectReference: {fileID: 0}
    - target: {fileID: 22437010, guid: 0109fad48584ba14d89e5501fcedd2c1, type: 2}
      propertyPath: m_AnchoredPosition.y
      value: 0
      objectReference: {fileID: 0}
    - target: {fileID: 22437010, guid: 0109fad48584ba14d89e5501fcedd2c1, type: 2}
      propertyPath: m_SizeDelta.x
      value: 0
      objectReference: {fileID: 0}
    - target: {fileID: 22437010, guid: 0109fad48584ba14d89e5501fcedd2c1, type: 2}
      propertyPath: m_SizeDelta.y
      value: 0
      objectReference: {fileID: 0}
    - target: {fileID: 22437010, guid: 0109fad48584ba14d89e5501fcedd2c1, type: 2}
      propertyPath: m_AnchorMin.x
      value: 0
      objectReference: {fileID: 0}
    - target: {fileID: 22437010, guid: 0109fad48584ba14d89e5501fcedd2c1, type: 2}
      propertyPath: m_AnchorMin.y
      value: 0
      objectReference: {fileID: 0}
    - target: {fileID: 22437010, guid: 0109fad48584ba14d89e5501fcedd2c1, type: 2}
      propertyPath: m_AnchorMax.x
      value: 0
      objectReference: {fileID: 0}
    - target: {fileID: 22437010, guid: 0109fad48584ba14d89e5501fcedd2c1, type: 2}
      propertyPath: m_AnchorMax.y
      value: 0
      objectReference: {fileID: 0}
    - target: {fileID: 22437010, guid: 0109fad48584ba14d89e5501fcedd2c1, type: 2}
      propertyPath: m_Pivot.x
      value: 0
      objectReference: {fileID: 0}
    - target: {fileID: 22437010, guid: 0109fad48584ba14d89e5501fcedd2c1, type: 2}
      propertyPath: m_Pivot.y
      value: 0
      objectReference: {fileID: 0}
    m_RemovedComponents: []
  m_ParentPrefab: {fileID: 100100000, guid: 0109fad48584ba14d89e5501fcedd2c1, type: 2}
  m_RootGameObject: {fileID: 979342364}
  m_IsPrefabParent: 0
--- !u!1 &1151463606
GameObject:
  m_ObjectHideFlags: 0
  m_PrefabParentObject: {fileID: 137024, guid: 0109fad48584ba14d89e5501fcedd2c1, type: 2}
  m_PrefabInternal: {fileID: 1001053369}
  serializedVersion: 4
  m_Component:
  - 224: {fileID: 1151463607}
  - 222: {fileID: 1151463609}
  - 114: {fileID: 1151463608}
  m_Layer: 5
  m_Name: WeatherIcon
  m_TagString: Untagged
  m_Icon: {fileID: 0}
  m_NavMeshLayer: 0
  m_StaticEditorFlags: 0
  m_IsActive: 1
--- !u!224 &1151463607
RectTransform:
  m_ObjectHideFlags: 0
  m_PrefabParentObject: {fileID: 22437024, guid: 0109fad48584ba14d89e5501fcedd2c1,
    type: 2}
  m_PrefabInternal: {fileID: 1001053369}
  m_GameObject: {fileID: 1151463606}
  m_LocalRotation: {x: 0, y: 0, z: 0, w: 1}
  m_LocalPosition: {x: 0, y: 0, z: 0}
  m_LocalScale: {x: 1, y: 1, z: 1}
  m_LocalEulerAnglesHint: {x: 0, y: 0, z: 0}
  m_Children:
  - {fileID: 788998648}
  m_Father: {fileID: 566732809}
  m_RootOrder: 0
  m_AnchorMin: {x: 0, y: 0}
  m_AnchorMax: {x: 0, y: 0}
  m_AnchoredPosition: {x: 388, y: 342}
  m_SizeDelta: {x: 227, y: 197}
  m_Pivot: {x: 0.5, y: 0.5}
--- !u!114 &1151463608
MonoBehaviour:
  m_ObjectHideFlags: 0
  m_PrefabParentObject: {fileID: 11437022, guid: 0109fad48584ba14d89e5501fcedd2c1,
    type: 2}
  m_PrefabInternal: {fileID: 1001053369}
  m_GameObject: {fileID: 1151463606}
  m_Enabled: 1
  m_EditorHideFlags: 0
  m_Script: {fileID: -765806418, guid: f5f67c52d1564df4a8936ccd202a3bd8, type: 3}
  m_Name: 
  m_EditorClassIdentifier: 
  m_Material: {fileID: 0}
  m_Color: {r: 0.99607843, g: 0.99607843, b: 0.99607843, a: 1}
  m_RaycastTarget: 1
  m_OnCullStateChanged:
    m_PersistentCalls:
      m_Calls: []
    m_TypeName: UnityEngine.UI.MaskableGraphic+CullStateChangedEvent, UnityEngine.UI,
      Version=1.0.0.0, Culture=neutral, PublicKeyToken=null
  m_Sprite: {fileID: 21300000, guid: 85983cedfc874aa49a5162ddb24fb7cd, type: 3}
  m_Type: 0
  m_PreserveAspect: 0
  m_FillCenter: 1
  m_FillMethod: 4
  m_FillAmount: 1
  m_FillClockwise: 1
  m_FillOrigin: 0
--- !u!222 &1151463609
CanvasRenderer:
  m_ObjectHideFlags: 0
  m_PrefabParentObject: {fileID: 22237024, guid: 0109fad48584ba14d89e5501fcedd2c1,
    type: 2}
  m_PrefabInternal: {fileID: 1001053369}
  m_GameObject: {fileID: 1151463606}
--- !u!1 &1160538515
GameObject:
  m_ObjectHideFlags: 0
  m_PrefabParentObject: {fileID: 137022, guid: 0109fad48584ba14d89e5501fcedd2c1, type: 2}
  m_PrefabInternal: {fileID: 1001053369}
  serializedVersion: 4
  m_Component:
  - 224: {fileID: 1160538516}
  - 222: {fileID: 1160538518}
  - 114: {fileID: 1160538517}
  m_Layer: 5
  m_Name: Icon
  m_TagString: Untagged
  m_Icon: {fileID: 0}
  m_NavMeshLayer: 0
  m_StaticEditorFlags: 0
  m_IsActive: 1
--- !u!224 &1160538516
RectTransform:
  m_ObjectHideFlags: 0
  m_PrefabParentObject: {fileID: 22437022, guid: 0109fad48584ba14d89e5501fcedd2c1,
    type: 2}
  m_PrefabInternal: {fileID: 1001053369}
  m_GameObject: {fileID: 1160538515}
  m_LocalRotation: {x: 0, y: 0, z: 0, w: 1}
  m_LocalPosition: {x: 0, y: 0, z: 0}
  m_LocalScale: {x: 1, y: 1, z: 1}
  m_LocalEulerAnglesHint: {x: 0, y: 0, z: 0}
  m_Children:
  - {fileID: 89922554}
  m_Father: {fileID: 566732809}
  m_RootOrder: 1
  m_AnchorMin: {x: 0, y: 0}
  m_AnchorMax: {x: 0, y: 0}
  m_AnchoredPosition: {x: 164, y: 133}
  m_SizeDelta: {x: 35, y: 35}
  m_Pivot: {x: 0.5, y: 0.5}
--- !u!114 &1160538517
MonoBehaviour:
  m_ObjectHideFlags: 0
  m_PrefabParentObject: {fileID: 11437020, guid: 0109fad48584ba14d89e5501fcedd2c1,
    type: 2}
  m_PrefabInternal: {fileID: 1001053369}
  m_GameObject: {fileID: 1160538515}
  m_Enabled: 1
  m_EditorHideFlags: 0
  m_Script: {fileID: -765806418, guid: f5f67c52d1564df4a8936ccd202a3bd8, type: 3}
  m_Name: 
  m_EditorClassIdentifier: 
  m_Material: {fileID: 0}
  m_Color: {r: 1, g: 1, b: 1, a: 0.3254902}
  m_RaycastTarget: 1
  m_OnCullStateChanged:
    m_PersistentCalls:
      m_Calls: []
    m_TypeName: UnityEngine.UI.MaskableGraphic+CullStateChangedEvent, UnityEngine.UI,
      Version=1.0.0.0, Culture=neutral, PublicKeyToken=null
  m_Sprite: {fileID: 21300000, guid: 92aa8a4b81c0b456cb48fbce91066d77, type: 3}
  m_Type: 0
  m_PreserveAspect: 0
  m_FillCenter: 1
  m_FillMethod: 4
  m_FillAmount: 1
  m_FillClockwise: 1
  m_FillOrigin: 0
--- !u!222 &1160538518
CanvasRenderer:
  m_ObjectHideFlags: 0
  m_PrefabParentObject: {fileID: 22237022, guid: 0109fad48584ba14d89e5501fcedd2c1,
    type: 2}
  m_PrefabInternal: {fileID: 1001053369}
  m_GameObject: {fileID: 1160538515}
--- !u!1 &1180752387
GameObject:
  m_ObjectHideFlags: 0
  m_PrefabParentObject: {fileID: 137014, guid: 0109fad48584ba14d89e5501fcedd2c1, type: 2}
  m_PrefabInternal: {fileID: 1001053369}
  serializedVersion: 4
  m_Component:
  - 224: {fileID: 1180752388}
  - 222: {fileID: 1180752390}
  - 114: {fileID: 1180752389}
  m_Layer: 5
  m_Name: Icon
  m_TagString: Untagged
  m_Icon: {fileID: 0}
  m_NavMeshLayer: 0
  m_StaticEditorFlags: 0
  m_IsActive: 1
--- !u!224 &1180752388
RectTransform:
  m_ObjectHideFlags: 0
  m_PrefabParentObject: {fileID: 22437014, guid: 0109fad48584ba14d89e5501fcedd2c1,
    type: 2}
  m_PrefabInternal: {fileID: 1001053369}
  m_GameObject: {fileID: 1180752387}
  m_LocalRotation: {x: 0, y: 0, z: 0, w: 1}
  m_LocalPosition: {x: 0, y: 0, z: 0}
  m_LocalScale: {x: 1, y: 1, z: 1}
  m_LocalEulerAnglesHint: {x: 0, y: 0, z: 0}
  m_Children:
  - {fileID: 5853537}
  m_Father: {fileID: 566732809}
  m_RootOrder: 3
  m_AnchorMin: {x: 0, y: 0}
  m_AnchorMax: {x: 0, y: 0}
  m_AnchoredPosition: {x: 450, y: 133}
  m_SizeDelta: {x: 32.9, y: 42.911}
  m_Pivot: {x: 0.5, y: 0.5}
--- !u!114 &1180752389
MonoBehaviour:
  m_ObjectHideFlags: 0
  m_PrefabParentObject: {fileID: 11437012, guid: 0109fad48584ba14d89e5501fcedd2c1,
    type: 2}
  m_PrefabInternal: {fileID: 1001053369}
  m_GameObject: {fileID: 1180752387}
  m_Enabled: 1
  m_EditorHideFlags: 0
  m_Script: {fileID: -765806418, guid: f5f67c52d1564df4a8936ccd202a3bd8, type: 3}
  m_Name: 
  m_EditorClassIdentifier: 
  m_Material: {fileID: 0}
  m_Color: {r: 1, g: 1, b: 1, a: 0.3254902}
  m_RaycastTarget: 1
  m_OnCullStateChanged:
    m_PersistentCalls:
      m_Calls: []
    m_TypeName: UnityEngine.UI.MaskableGraphic+CullStateChangedEvent, UnityEngine.UI,
      Version=1.0.0.0, Culture=neutral, PublicKeyToken=null
  m_Sprite: {fileID: 21300000, guid: 73743ce9c497b4c9d9cd5103ae1fc4a3, type: 3}
  m_Type: 0
  m_PreserveAspect: 0
  m_FillCenter: 1
  m_FillMethod: 4
  m_FillAmount: 1
  m_FillClockwise: 1
  m_FillOrigin: 0
--- !u!222 &1180752390
CanvasRenderer:
  m_ObjectHideFlags: 0
  m_PrefabParentObject: {fileID: 22237014, guid: 0109fad48584ba14d89e5501fcedd2c1,
    type: 2}
  m_PrefabInternal: {fileID: 1001053369}
  m_GameObject: {fileID: 1180752387}
--- !u!1 &1329889568
GameObject:
  m_ObjectHideFlags: 0
  m_PrefabParentObject: {fileID: 137000, guid: 0109fad48584ba14d89e5501fcedd2c1, type: 2}
  m_PrefabInternal: {fileID: 1001053369}
  serializedVersion: 4
  m_Component:
  - 224: {fileID: 1329889569}
  - 222: {fileID: 1329889571}
  - 114: {fileID: 1329889570}
  m_Layer: 5
  m_Name: Icon
  m_TagString: Untagged
  m_Icon: {fileID: 0}
  m_NavMeshLayer: 0
  m_StaticEditorFlags: 0
  m_IsActive: 1
--- !u!224 &1329889569
RectTransform:
  m_ObjectHideFlags: 0
  m_PrefabParentObject: {fileID: 22437000, guid: 0109fad48584ba14d89e5501fcedd2c1,
    type: 2}
  m_PrefabInternal: {fileID: 1001053369}
  m_GameObject: {fileID: 1329889568}
  m_LocalRotation: {x: 0, y: 0, z: 0, w: 1}
  m_LocalPosition: {x: 0, y: 0, z: 0}
  m_LocalScale: {x: 1, y: 1, z: 1}
  m_LocalEulerAnglesHint: {x: 0, y: 0, z: 0}
  m_Children:
  - {fileID: 344971737}
  m_Father: {fileID: 566732809}
  m_RootOrder: 2
  m_AnchorMin: {x: 0, y: 0}
  m_AnchorMax: {x: 0, y: 0}
  m_AnchoredPosition: {x: 309, y: 133}
  m_SizeDelta: {x: 22.2, y: 38.372}
  m_Pivot: {x: 0.5, y: 0.5}
--- !u!114 &1329889570
MonoBehaviour:
  m_ObjectHideFlags: 0
  m_PrefabParentObject: {fileID: 11436996, guid: 0109fad48584ba14d89e5501fcedd2c1,
    type: 2}
  m_PrefabInternal: {fileID: 1001053369}
  m_GameObject: {fileID: 1329889568}
  m_Enabled: 1
  m_EditorHideFlags: 0
  m_Script: {fileID: -765806418, guid: f5f67c52d1564df4a8936ccd202a3bd8, type: 3}
  m_Name: 
  m_EditorClassIdentifier: 
  m_Material: {fileID: 0}
  m_Color: {r: 1, g: 1, b: 1, a: 0.3254902}
  m_RaycastTarget: 1
  m_OnCullStateChanged:
    m_PersistentCalls:
      m_Calls: []
    m_TypeName: UnityEngine.UI.MaskableGraphic+CullStateChangedEvent, UnityEngine.UI,
      Version=1.0.0.0, Culture=neutral, PublicKeyToken=null
  m_Sprite: {fileID: 21300000, guid: 1899dc4f204ed47db955aa879df4c93f, type: 3}
  m_Type: 0
  m_PreserveAspect: 0
  m_FillCenter: 1
  m_FillMethod: 4
  m_FillAmount: 1
  m_FillClockwise: 1
  m_FillOrigin: 0
--- !u!222 &1329889571
CanvasRenderer:
  m_ObjectHideFlags: 0
  m_PrefabParentObject: {fileID: 22237002, guid: 0109fad48584ba14d89e5501fcedd2c1,
    type: 2}
  m_PrefabInternal: {fileID: 1001053369}
  m_GameObject: {fileID: 1329889568}
--- !u!1 &1367429667
GameObject:
  m_ObjectHideFlags: 0
  m_PrefabParentObject: {fileID: 137012, guid: 0109fad48584ba14d89e5501fcedd2c1, type: 2}
  m_PrefabInternal: {fileID: 1001053369}
  serializedVersion: 4
  m_Component:
  - 224: {fileID: 1367429668}
  - 222: {fileID: 1367429670}
  - 114: {fileID: 1367429669}
  m_Layer: 5
  m_Name: Text
  m_TagString: Untagged
  m_Icon: {fileID: 0}
  m_NavMeshLayer: 0
  m_StaticEditorFlags: 0
  m_IsActive: 1
--- !u!224 &1367429668
RectTransform:
  m_ObjectHideFlags: 0
  m_PrefabParentObject: {fileID: 22437012, guid: 0109fad48584ba14d89e5501fcedd2c1,
    type: 2}
  m_PrefabInternal: {fileID: 1001053369}
  m_GameObject: {fileID: 1367429667}
  m_LocalRotation: {x: 0, y: 0, z: 0, w: 1}
  m_LocalPosition: {x: 0, y: 0, z: 0}
  m_LocalScale: {x: 1, y: 1, z: 1}
  m_LocalEulerAnglesHint: {x: 0, y: 0, z: 0}
  m_Children: []
  m_Father: {fileID: 566732809}
  m_RootOrder: 4
  m_AnchorMin: {x: 0.5, y: 0.5}
  m_AnchorMax: {x: 0.5, y: 0.5}
  m_AnchoredPosition: {x: 0, y: 249}
  m_SizeDelta: {x: 636, y: 139}
  m_Pivot: {x: 0.5, y: 0.5}
--- !u!114 &1367429669
MonoBehaviour:
  m_ObjectHideFlags: 0
  m_PrefabParentObject: {fileID: 11437010, guid: 0109fad48584ba14d89e5501fcedd2c1,
    type: 2}
  m_PrefabInternal: {fileID: 1001053369}
  m_GameObject: {fileID: 1367429667}
  m_Enabled: 1
  m_EditorHideFlags: 0
  m_Script: {fileID: 708705254, guid: f5f67c52d1564df4a8936ccd202a3bd8, type: 3}
  m_Name: 
  m_EditorClassIdentifier: 
  m_Material: {fileID: 0}
  m_Color: {r: 0.99215686, g: 0.99215686, b: 0.99215686, a: 1}
  m_RaycastTarget: 1
  m_OnCullStateChanged:
    m_PersistentCalls:
      m_Calls: []
    m_TypeName: UnityEngine.UI.MaskableGraphic+CullStateChangedEvent, UnityEngine.UI,
      Version=1.0.0.0, Culture=neutral, PublicKeyToken=null
  m_FontData:
    m_Font: {fileID: 12800000, guid: 5c425d43bb0df45ca8eb162d5154251e, type: 3}
    m_FontSize: 40
    m_FontStyle: 0
    m_BestFit: 0
    m_MinSize: 10
    m_MaxSize: 40
    m_Alignment: 4
    m_AlignByGeometry: 0
    m_RichText: 1
    m_HorizontalOverflow: 0
    m_VerticalOverflow: 0
    m_LineSpacing: 1
  m_Text: 03:40 AM
--- !u!222 &1367429670
CanvasRenderer:
  m_ObjectHideFlags: 0
  m_PrefabParentObject: {fileID: 22237012, guid: 0109fad48584ba14d89e5501fcedd2c1,
    type: 2}
  m_PrefabInternal: {fileID: 1001053369}
  m_GameObject: {fileID: 1367429667}
--- !u!1 &1500371475
GameObject:
  m_ObjectHideFlags: 0
  m_PrefabParentObject: {fileID: 0}
  m_PrefabInternal: {fileID: 0}
  serializedVersion: 4
  m_Component:
  - 4: {fileID: 1500371479}
  - 114: {fileID: 1500371478}
  - 114: {fileID: 1500371477}
  - 114: {fileID: 1500371476}
  m_Layer: 0
  m_Name: EventSystem
  m_TagString: Untagged
  m_Icon: {fileID: 0}
  m_NavMeshLayer: 0
  m_StaticEditorFlags: 0
  m_IsActive: 1
--- !u!114 &1500371476
MonoBehaviour:
  m_ObjectHideFlags: 0
  m_PrefabParentObject: {fileID: 0}
  m_PrefabInternal: {fileID: 0}
  m_GameObject: {fileID: 1500371475}
  m_Enabled: 1
  m_EditorHideFlags: 0
  m_Script: {fileID: 1997211142, guid: f5f67c52d1564df4a8936ccd202a3bd8, type: 3}
  m_Name: 
  m_EditorClassIdentifier: 
  m_ForceModuleActive: 0
--- !u!114 &1500371477
MonoBehaviour:
  m_ObjectHideFlags: 0
  m_PrefabParentObject: {fileID: 0}
  m_PrefabInternal: {fileID: 0}
  m_GameObject: {fileID: 1500371475}
  m_Enabled: 1
  m_EditorHideFlags: 0
  m_Script: {fileID: 1077351063, guid: f5f67c52d1564df4a8936ccd202a3bd8, type: 3}
  m_Name: 
  m_EditorClassIdentifier: 
  m_HorizontalAxis: Horizontal
  m_VerticalAxis: Vertical
  m_SubmitButton: Submit
  m_CancelButton: Cancel
  m_InputActionsPerSecond: 10
  m_RepeatDelay: 0.5
  m_ForceModuleActive: 0
--- !u!114 &1500371478
MonoBehaviour:
  m_ObjectHideFlags: 0
  m_PrefabParentObject: {fileID: 0}
  m_PrefabInternal: {fileID: 0}
  m_GameObject: {fileID: 1500371475}
  m_Enabled: 1
  m_EditorHideFlags: 0
  m_Script: {fileID: -619905303, guid: f5f67c52d1564df4a8936ccd202a3bd8, type: 3}
  m_Name: 
  m_EditorClassIdentifier: 
  m_FirstSelected: {fileID: 0}
  m_sendNavigationEvents: 1
  m_DragThreshold: 5
--- !u!4 &1500371479
Transform:
  m_ObjectHideFlags: 0
  m_PrefabParentObject: {fileID: 0}
  m_PrefabInternal: {fileID: 0}
  m_GameObject: {fileID: 1500371475}
  m_LocalRotation: {x: 0, y: 0, z: 0, w: 1}
  m_LocalPosition: {x: 0, y: 0, z: 0}
  m_LocalScale: {x: 1, y: 1, z: 1}
  m_LocalEulerAnglesHint: {x: 0, y: 0, z: 0}
  m_Children: []
  m_Father: {fileID: 0}
  m_RootOrder: 1
--- !u!1 &1511305452
GameObject:
  m_ObjectHideFlags: 0
  m_PrefabParentObject: {fileID: 0}
  m_PrefabInternal: {fileID: 0}
  serializedVersion: 4
  m_Component:
  - 4: {fileID: 1511305453}
  m_Layer: 0
  m_Name: __SET_YOUR_GAMESCREEN_TO_636x636
  m_TagString: Untagged
  m_Icon: {fileID: 0}
  m_NavMeshLayer: 0
  m_StaticEditorFlags: 0
  m_IsActive: 1
--- !u!4 &1511305453
Transform:
  m_ObjectHideFlags: 0
  m_PrefabParentObject: {fileID: 0}
  m_PrefabInternal: {fileID: 0}
  m_GameObject: {fileID: 1511305452}
  m_LocalRotation: {x: 0, y: 0, z: 0, w: 1}
  m_LocalPosition: {x: 494.995, y: 627.74, z: 0}
  m_LocalScale: {x: 1, y: 1, z: 1}
  m_LocalEulerAnglesHint: {x: 0, y: 0, z: 0}
  m_Children: []
  m_Father: {fileID: 0}
  m_RootOrder: 2
