%YAML 1.1
%TAG !u! tag:unity3d.com,2011:
--- !u!29 &1
SceneSettings:
  m_ObjectHideFlags: 0
  m_PVSData: 
  m_PVSObjectsArray: []
  m_PVSPortalsArray: []
  m_OcclusionBakeSettings:
    smallestOccluder: 5
    smallestHole: 0.25
    backfaceThreshold: 100
--- !u!104 &2
RenderSettings:
  m_ObjectHideFlags: 0
  serializedVersion: 7
  m_Fog: 0
  m_FogColor: {r: 0.5, g: 0.5, b: 0.5, a: 1}
  m_FogMode: 3
  m_FogDensity: 0.01
  m_LinearFogStart: 0
  m_LinearFogEnd: 300
  m_AmbientSkyColor: {r: 0.212, g: 0.227, b: 0.259, a: 1}
  m_AmbientEquatorColor: {r: 0.114, g: 0.125, b: 0.133, a: 1}
  m_AmbientGroundColor: {r: 0.047, g: 0.043, b: 0.035, a: 1}
  m_AmbientIntensity: 1
  m_AmbientMode: 0
  m_SkyboxMaterial: {fileID: 10304, guid: 0000000000000000f000000000000000, type: 0}
  m_HaloStrength: 0.5
  m_FlareStrength: 1
  m_FlareFadeSpeed: 3
  m_HaloTexture: {fileID: 0}
  m_SpotCookie: {fileID: 10001, guid: 0000000000000000e000000000000000, type: 0}
  m_DefaultReflectionMode: 0
  m_DefaultReflectionResolution: 128
  m_ReflectionBounces: 1
  m_ReflectionIntensity: 1
  m_CustomReflection: {fileID: 0}
  m_Sun: {fileID: 0}
  m_IndirectSpecularColor: {r: 0, g: 0, b: 0, a: 1}
--- !u!157 &4
LightmapSettings:
  m_ObjectHideFlags: 0
  serializedVersion: 7
  m_GIWorkflowMode: 0
  m_GISettings:
    serializedVersion: 2
    m_BounceScale: 1
    m_IndirectOutputScale: 1
    m_AlbedoBoost: 1
    m_TemporalCoherenceThreshold: 1
    m_EnvironmentLightingMode: 0
    m_EnableBakedLightmaps: 1
    m_EnableRealtimeLightmaps: 1
  m_LightmapEditorSettings:
    serializedVersion: 4
    m_Resolution: 2
    m_BakeResolution: 40
    m_TextureWidth: 1024
    m_TextureHeight: 1024
    m_AO: 0
    m_AOMaxDistance: 1
    m_CompAOExponent: 0
    m_CompAOExponentDirect: 0
    m_Padding: 2
    m_LightmapParameters: {fileID: 0}
    m_LightmapsBakeMode: 1
    m_TextureCompression: 1
    m_DirectLightInLightProbes: 1
    m_FinalGather: 0
    m_FinalGatherFiltering: 1
    m_FinalGatherRayCount: 1024
    m_ReflectionCompression: 2
  m_LightingDataAsset: {fileID: 0}
  m_RuntimeCPUUsage: 25
--- !u!196 &5
NavMeshSettings:
  serializedVersion: 2
  m_ObjectHideFlags: 0
  m_BuildSettings:
    serializedVersion: 2
    agentRadius: 0.5
    agentHeight: 2
    agentSlope: 45
    agentClimb: 0.4
    ledgeDropHeight: 0
    maxJumpAcrossDistance: 0
    accuratePlacement: 0
    minRegionArea: 2
    cellSize: 0.16666667
    manualCellSize: 0
  m_NavMeshData: {fileID: 0}
--- !u!1 &93980217
GameObject:
  m_ObjectHideFlags: 0
  m_PrefabParentObject: {fileID: 105626, guid: 67249a792f444fc4db4d1e7b73a33c66, type: 2}
  m_PrefabInternal: {fileID: 350093494}
  serializedVersion: 4
  m_Component:
  - 224: {fileID: 93980218}
  - 222: {fileID: 93980220}
  - 114: {fileID: 93980219}
  m_Layer: 5
  m_Name: Image
  m_TagString: Untagged
  m_Icon: {fileID: 0}
  m_NavMeshLayer: 0
  m_StaticEditorFlags: 0
  m_IsActive: 1
--- !u!224 &93980218
RectTransform:
  m_ObjectHideFlags: 0
  m_PrefabParentObject: {fileID: 22405626, guid: 67249a792f444fc4db4d1e7b73a33c66,
    type: 2}
  m_PrefabInternal: {fileID: 350093494}
  m_GameObject: {fileID: 93980217}
  m_LocalRotation: {x: 0, y: 0, z: 0, w: 1}
  m_LocalPosition: {x: 0, y: 0, z: 0}
  m_LocalScale: {x: 1, y: 1, z: 1}
  m_LocalEulerAnglesHint: {x: 0, y: 0, z: 0}
  m_Children: []
  m_Father: {fileID: 633461185}
  m_RootOrder: 0
  m_AnchorMin: {x: 0.5, y: 0.5}
  m_AnchorMax: {x: 0.5, y: 0.5}
  m_AnchoredPosition: {x: 0, y: 14.5}
  m_SizeDelta: {x: 7.8, y: 7.6}
  m_Pivot: {x: 0.5, y: 0.5}
--- !u!114 &93980219
MonoBehaviour:
  m_ObjectHideFlags: 0
  m_PrefabParentObject: {fileID: 11405638, guid: 67249a792f444fc4db4d1e7b73a33c66,
    type: 2}
  m_PrefabInternal: {fileID: 350093494}
  m_GameObject: {fileID: 93980217}
  m_Enabled: 1
  m_EditorHideFlags: 0
  m_Script: {fileID: -765806418, guid: f5f67c52d1564df4a8936ccd202a3bd8, type: 3}
  m_Name: 
  m_EditorClassIdentifier: 
  m_Material: {fileID: 0}
  m_Color: {r: 1, g: 1, b: 1, a: 1}
  m_RaycastTarget: 1
  m_OnCullStateChanged:
    m_PersistentCalls:
      m_Calls: []
    m_TypeName: UnityEngine.UI.MaskableGraphic+CullStateChangedEvent, UnityEngine.UI,
      Version=1.0.0.0, Culture=neutral, PublicKeyToken=null
  m_Sprite: {fileID: 21300000, guid: f04f7faa5cfd8444a9b61e426135725f, type: 3}
  m_Type: 0
  m_PreserveAspect: 0
  m_FillCenter: 1
  m_FillMethod: 4
  m_FillAmount: 1
  m_FillClockwise: 1
  m_FillOrigin: 0
--- !u!222 &93980220
CanvasRenderer:
  m_ObjectHideFlags: 0
  m_PrefabParentObject: {fileID: 22205626, guid: 67249a792f444fc4db4d1e7b73a33c66,
    type: 2}
  m_PrefabInternal: {fileID: 350093494}
  m_GameObject: {fileID: 93980217}
--- !u!1 &133357937
GameObject:
  m_ObjectHideFlags: 0
  m_PrefabParentObject: {fileID: 105606, guid: 67249a792f444fc4db4d1e7b73a33c66, type: 2}
  m_PrefabInternal: {fileID: 350093494}
  serializedVersion: 4
  m_Component:
  - 224: {fileID: 133357938}
  - 222: {fileID: 133357940}
  - 114: {fileID: 133357939}
  m_Layer: 5
  m_Name: Line
  m_TagString: Untagged
  m_Icon: {fileID: 0}
  m_NavMeshLayer: 0
  m_StaticEditorFlags: 0
  m_IsActive: 1
--- !u!224 &133357938
RectTransform:
  m_ObjectHideFlags: 0
  m_PrefabParentObject: {fileID: 22405606, guid: 67249a792f444fc4db4d1e7b73a33c66,
    type: 2}
  m_PrefabInternal: {fileID: 350093494}
  m_GameObject: {fileID: 133357937}
  m_LocalRotation: {x: 0, y: 0, z: 0, w: 1}
  m_LocalPosition: {x: 0, y: 0, z: 0}
  m_LocalScale: {x: 1, y: 1, z: 1}
  m_LocalEulerAnglesHint: {x: 0, y: 0, z: 0}
  m_Children: []
  m_Father: {fileID: 848710099}
  m_RootOrder: 0
  m_AnchorMin: {x: 0.5, y: 0.5}
  m_AnchorMax: {x: 0.5, y: 0.5}
  m_AnchoredPosition: {x: -56.24, y: 0}
  m_SizeDelta: {x: 9.9, y: 1}
  m_Pivot: {x: 0.5, y: 0.5}
--- !u!114 &133357939
MonoBehaviour:
  m_ObjectHideFlags: 0
  m_PrefabParentObject: {fileID: 11405614, guid: 67249a792f444fc4db4d1e7b73a33c66,
    type: 2}
  m_PrefabInternal: {fileID: 350093494}
  m_GameObject: {fileID: 133357937}
  m_Enabled: 1
  m_EditorHideFlags: 0
  m_Script: {fileID: -765806418, guid: f5f67c52d1564df4a8936ccd202a3bd8, type: 3}
  m_Name: 
  m_EditorClassIdentifier: 
  m_Material: {fileID: 0}
  m_Color: {r: 1, g: 1, b: 1, a: 1}
  m_RaycastTarget: 1
  m_OnCullStateChanged:
    m_PersistentCalls:
      m_Calls: []
    m_TypeName: UnityEngine.UI.MaskableGraphic+CullStateChangedEvent, UnityEngine.UI,
      Version=1.0.0.0, Culture=neutral, PublicKeyToken=null
  m_Sprite: {fileID: 21300000, guid: 7ed1238760b863f4aafde32ab3a6f28c, type: 3}
  m_Type: 1
  m_PreserveAspect: 0
  m_FillCenter: 1
  m_FillMethod: 4
  m_FillAmount: 1
  m_FillClockwise: 1
  m_FillOrigin: 0
--- !u!222 &133357940
CanvasRenderer:
  m_ObjectHideFlags: 0
  m_PrefabParentObject: {fileID: 22205606, guid: 67249a792f444fc4db4d1e7b73a33c66,
    type: 2}
  m_PrefabInternal: {fileID: 350093494}
  m_GameObject: {fileID: 133357937}
--- !u!1 &269727119
GameObject:
  m_ObjectHideFlags: 0
  m_PrefabParentObject: {fileID: 105598, guid: 67249a792f444fc4db4d1e7b73a33c66, type: 2}
  m_PrefabInternal: {fileID: 350093494}
  serializedVersion: 4
  m_Component:
  - 224: {fileID: 269727120}
  - 222: {fileID: 269727123}
  - 114: {fileID: 269727122}
  - 114: {fileID: 269727121}
  m_Layer: 5
  m_Name: Button
  m_TagString: Untagged
  m_Icon: {fileID: 0}
  m_NavMeshLayer: 0
  m_StaticEditorFlags: 0
  m_IsActive: 1
--- !u!224 &269727120
RectTransform:
  m_ObjectHideFlags: 0
  m_PrefabParentObject: {fileID: 22405598, guid: 67249a792f444fc4db4d1e7b73a33c66,
    type: 2}
  m_PrefabInternal: {fileID: 350093494}
  m_GameObject: {fileID: 269727119}
  m_LocalRotation: {x: 0, y: 0, z: 0, w: 1}
  m_LocalPosition: {x: 0, y: 0, z: 0}
  m_LocalScale: {x: 1, y: 1, z: 1}
  m_LocalEulerAnglesHint: {x: 0, y: 0, z: 0}
  m_Children: []
  m_Father: {fileID: 400625606}
  m_RootOrder: 0
  m_AnchorMin: {x: 0.5, y: 0.5}
  m_AnchorMax: {x: 0.5, y: 0.5}
  m_AnchoredPosition: {x: 250, y: 0}
  m_SizeDelta: {x: 49, y: 35}
  m_Pivot: {x: 0.5, y: 0.5}
--- !u!114 &269727121
MonoBehaviour:
  m_ObjectHideFlags: 0
  m_PrefabParentObject: {fileID: 11405604, guid: 67249a792f444fc4db4d1e7b73a33c66,
    type: 2}
  m_PrefabInternal: {fileID: 350093494}
  m_GameObject: {fileID: 269727119}
  m_Enabled: 1
  m_EditorHideFlags: 0
  m_Script: {fileID: 1392445389, guid: f5f67c52d1564df4a8936ccd202a3bd8, type: 3}
  m_Name: 
  m_EditorClassIdentifier: 
  m_Navigation:
    m_Mode: 3
    m_SelectOnUp: {fileID: 0}
    m_SelectOnDown: {fileID: 0}
    m_SelectOnLeft: {fileID: 0}
    m_SelectOnRight: {fileID: 0}
  m_Transition: 1
  m_Colors:
    m_NormalColor: {r: 1, g: 1, b: 1, a: 1}
    m_HighlightedColor: {r: 0.9607843, g: 0.9607843, b: 0.9607843, a: 1}
    m_PressedColor: {r: 0.78431374, g: 0.78431374, b: 0.78431374, a: 1}
    m_DisabledColor: {r: 0.78431374, g: 0.78431374, b: 0.78431374, a: 0.5019608}
    m_ColorMultiplier: 1
    m_FadeDuration: 0.1
  m_SpriteState:
    m_HighlightedSprite: {fileID: 0}
    m_PressedSprite: {fileID: 0}
    m_DisabledSprite: {fileID: 0}
  m_AnimationTriggers:
    m_NormalTrigger: Normal
    m_HighlightedTrigger: Highlighted
    m_PressedTrigger: Pressed
    m_DisabledTrigger: Disabled
  m_Interactable: 1
  m_TargetGraphic: {fileID: 269727122}
  m_OnClick:
    m_PersistentCalls:
      m_Calls: []
    m_TypeName: UnityEngine.UI.Button+ButtonClickedEvent, UnityEngine.UI, Version=1.0.0.0,
      Culture=neutral, PublicKeyToken=null
--- !u!114 &269727122
MonoBehaviour:
  m_ObjectHideFlags: 0
  m_PrefabParentObject: {fileID: 11405606, guid: 67249a792f444fc4db4d1e7b73a33c66,
    type: 2}
  m_PrefabInternal: {fileID: 350093494}
  m_GameObject: {fileID: 269727119}
  m_Enabled: 1
  m_EditorHideFlags: 0
  m_Script: {fileID: -765806418, guid: f5f67c52d1564df4a8936ccd202a3bd8, type: 3}
  m_Name: 
  m_EditorClassIdentifier: 
  m_Material: {fileID: 0}
  m_Color: {r: 1, g: 1, b: 1, a: 0.827451}
  m_RaycastTarget: 1
  m_OnCullStateChanged:
    m_PersistentCalls:
      m_Calls: []
    m_TypeName: UnityEngine.UI.MaskableGraphic+CullStateChangedEvent, UnityEngine.UI,
      Version=1.0.0.0, Culture=neutral, PublicKeyToken=null
  m_Sprite: {fileID: 21300000, guid: 7d85efad91ae34f2da148e55478622e7, type: 3}
  m_Type: 0
  m_PreserveAspect: 0
  m_FillCenter: 1
  m_FillMethod: 4
  m_FillAmount: 1
  m_FillClockwise: 1
  m_FillOrigin: 0
--- !u!222 &269727123
CanvasRenderer:
  m_ObjectHideFlags: 0
  m_PrefabParentObject: {fileID: 22205598, guid: 67249a792f444fc4db4d1e7b73a33c66,
    type: 2}
  m_PrefabInternal: {fileID: 350093494}
  m_GameObject: {fileID: 269727119}
--- !u!1001 &350093494
Prefab:
  m_ObjectHideFlags: 0
  serializedVersion: 2
  m_Modification:
    m_TransformParent: {fileID: 0}
    m_Modifications:
    - target: {fileID: 22405646, guid: 67249a792f444fc4db4d1e7b73a33c66, type: 2}
      propertyPath: m_LocalPosition.x
      value: 0
      objectReference: {fileID: 0}
    - target: {fileID: 22405646, guid: 67249a792f444fc4db4d1e7b73a33c66, type: 2}
      propertyPath: m_LocalPosition.y
      value: 0
      objectReference: {fileID: 0}
    - target: {fileID: 22405646, guid: 67249a792f444fc4db4d1e7b73a33c66, type: 2}
      propertyPath: m_LocalPosition.z
      value: 0
      objectReference: {fileID: 0}
    - target: {fileID: 22405646, guid: 67249a792f444fc4db4d1e7b73a33c66, type: 2}
      propertyPath: m_LocalRotation.x
      value: 0
      objectReference: {fileID: 0}
    - target: {fileID: 22405646, guid: 67249a792f444fc4db4d1e7b73a33c66, type: 2}
      propertyPath: m_LocalRotation.y
      value: 0
      objectReference: {fileID: 0}
    - target: {fileID: 22405646, guid: 67249a792f444fc4db4d1e7b73a33c66, type: 2}
      propertyPath: m_LocalRotation.z
      value: 0
      objectReference: {fileID: 0}
    - target: {fileID: 22405646, guid: 67249a792f444fc4db4d1e7b73a33c66, type: 2}
      propertyPath: m_LocalRotation.w
      value: 1
      objectReference: {fileID: 0}
    - target: {fileID: 22405646, guid: 67249a792f444fc4db4d1e7b73a33c66, type: 2}
      propertyPath: m_RootOrder
      value: 0
      objectReference: {fileID: 0}
    - target: {fileID: 22405646, guid: 67249a792f444fc4db4d1e7b73a33c66, type: 2}
      propertyPath: m_AnchoredPosition.x
      value: 0
      objectReference: {fileID: 0}
    - target: {fileID: 22405646, guid: 67249a792f444fc4db4d1e7b73a33c66, type: 2}
      propertyPath: m_AnchoredPosition.y
      value: 0
      objectReference: {fileID: 0}
    - target: {fileID: 22405646, guid: 67249a792f444fc4db4d1e7b73a33c66, type: 2}
      propertyPath: m_SizeDelta.x
      value: 0
      objectReference: {fileID: 0}
    - target: {fileID: 22405646, guid: 67249a792f444fc4db4d1e7b73a33c66, type: 2}
      propertyPath: m_SizeDelta.y
      value: 0
      objectReference: {fileID: 0}
    - target: {fileID: 22405646, guid: 67249a792f444fc4db4d1e7b73a33c66, type: 2}
      propertyPath: m_AnchorMin.x
      value: 0
      objectReference: {fileID: 0}
    - target: {fileID: 22405646, guid: 67249a792f444fc4db4d1e7b73a33c66, type: 2}
      propertyPath: m_AnchorMin.y
      value: 0
      objectReference: {fileID: 0}
    - target: {fileID: 22405646, guid: 67249a792f444fc4db4d1e7b73a33c66, type: 2}
      propertyPath: m_AnchorMax.x
      value: 0
      objectReference: {fileID: 0}
    - target: {fileID: 22405646, guid: 67249a792f444fc4db4d1e7b73a33c66, type: 2}
      propertyPath: m_AnchorMax.y
      value: 0
      objectReference: {fileID: 0}
    - target: {fileID: 22405646, guid: 67249a792f444fc4db4d1e7b73a33c66, type: 2}
      propertyPath: m_Pivot.x
      value: 0
      objectReference: {fileID: 0}
    - target: {fileID: 22405646, guid: 67249a792f444fc4db4d1e7b73a33c66, type: 2}
      propertyPath: m_Pivot.y
      value: 0
      objectReference: {fileID: 0}
    m_RemovedComponents: []
  m_ParentPrefab: {fileID: 100100000, guid: 67249a792f444fc4db4d1e7b73a33c66, type: 2}
  m_RootGameObject: {fileID: 738717381}
  m_IsPrefabParent: 0
--- !u!1 &382905171
GameObject:
  m_ObjectHideFlags: 0
  m_PrefabParentObject: {fileID: 105616, guid: 67249a792f444fc4db4d1e7b73a33c66, type: 2}
  m_PrefabInternal: {fileID: 350093494}
  serializedVersion: 4
  m_Component:
  - 224: {fileID: 382905172}
  - 222: {fileID: 382905175}
  - 114: {fileID: 382905174}
  - 114: {fileID: 382905173}
  m_Layer: 5
  m_Name: ShutterButton
  m_TagString: Untagged
  m_Icon: {fileID: 0}
  m_NavMeshLayer: 0
  m_StaticEditorFlags: 0
  m_IsActive: 1
--- !u!224 &382905172
RectTransform:
  m_ObjectHideFlags: 0
  m_PrefabParentObject: {fileID: 22405616, guid: 67249a792f444fc4db4d1e7b73a33c66,
    type: 2}
  m_PrefabInternal: {fileID: 350093494}
  m_GameObject: {fileID: 382905171}
  m_LocalRotation: {x: 0, y: 0, z: 0, w: 1}
  m_LocalPosition: {x: 0, y: 0, z: 0}
  m_LocalScale: {x: 1, y: 1, z: 1}
  m_LocalEulerAnglesHint: {x: 0, y: 0, z: 0}
  m_Children:
  - {fileID: 2088360247}
  m_Father: {fileID: 1905657487}
  m_RootOrder: 0
  m_AnchorMin: {x: 0.5, y: 0.5}
  m_AnchorMax: {x: 0.5, y: 0.5}
  m_AnchoredPosition: {x: 0, y: -12}
  m_SizeDelta: {x: 132, y: 132}
  m_Pivot: {x: 0.5, y: 0.5}
--- !u!114 &382905173
MonoBehaviour:
  m_ObjectHideFlags: 0
  m_PrefabParentObject: {fileID: 11405594, guid: 67249a792f444fc4db4d1e7b73a33c66,
    type: 2}
  m_PrefabInternal: {fileID: 350093494}
  m_GameObject: {fileID: 382905171}
  m_Enabled: 1
  m_EditorHideFlags: 0
  m_Script: {fileID: 1392445389, guid: f5f67c52d1564df4a8936ccd202a3bd8, type: 3}
  m_Name: 
  m_EditorClassIdentifier: 
  m_Navigation:
    m_Mode: 3
    m_SelectOnUp: {fileID: 0}
    m_SelectOnDown: {fileID: 0}
    m_SelectOnLeft: {fileID: 0}
    m_SelectOnRight: {fileID: 0}
  m_Transition: 1
  m_Colors:
    m_NormalColor: {r: 1, g: 1, b: 1, a: 1}
    m_HighlightedColor: {r: 0.9607843, g: 0.9607843, b: 0.9607843, a: 1}
    m_PressedColor: {r: 0.78431374, g: 0.78431374, b: 0.78431374, a: 1}
    m_DisabledColor: {r: 0.78431374, g: 0.78431374, b: 0.78431374, a: 0.5019608}
    m_ColorMultiplier: 1
    m_FadeDuration: 0.1
  m_SpriteState:
    m_HighlightedSprite: {fileID: 0}
    m_PressedSprite: {fileID: 0}
    m_DisabledSprite: {fileID: 0}
  m_AnimationTriggers:
    m_NormalTrigger: Normal
    m_HighlightedTrigger: Highlighted
    m_PressedTrigger: Pressed
    m_DisabledTrigger: Disabled
  m_Interactable: 1
  m_TargetGraphic: {fileID: 382905174}
  m_OnClick:
    m_PersistentCalls:
      m_Calls: []
    m_TypeName: UnityEngine.UI.Button+ButtonClickedEvent, UnityEngine.UI, Version=1.0.0.0,
      Culture=neutral, PublicKeyToken=null
--- !u!114 &382905174
MonoBehaviour:
  m_ObjectHideFlags: 0
  m_PrefabParentObject: {fileID: 11405626, guid: 67249a792f444fc4db4d1e7b73a33c66,
    type: 2}
  m_PrefabInternal: {fileID: 350093494}
  m_GameObject: {fileID: 382905171}
  m_Enabled: 1
  m_EditorHideFlags: 0
  m_Script: {fileID: -765806418, guid: f5f67c52d1564df4a8936ccd202a3bd8, type: 3}
  m_Name: 
  m_EditorClassIdentifier: 
  m_Material: {fileID: 0}
  m_Color: {r: 1, g: 1, b: 1, a: 1}
  m_RaycastTarget: 1
  m_OnCullStateChanged:
    m_PersistentCalls:
      m_Calls: []
    m_TypeName: UnityEngine.UI.MaskableGraphic+CullStateChangedEvent, UnityEngine.UI,
      Version=1.0.0.0, Culture=neutral, PublicKeyToken=null
  m_Sprite: {fileID: 21300000, guid: 1278f81a2dce8604a988a82186b87de1, type: 3}
  m_Type: 0
  m_PreserveAspect: 0
  m_FillCenter: 1
  m_FillMethod: 4
  m_FillAmount: 1
  m_FillClockwise: 1
  m_FillOrigin: 0
--- !u!222 &382905175
CanvasRenderer:
  m_ObjectHideFlags: 0
  m_PrefabParentObject: {fileID: 22205616, guid: 67249a792f444fc4db4d1e7b73a33c66,
    type: 2}
  m_PrefabInternal: {fileID: 350093494}
  m_GameObject: {fileID: 382905171}
--- !u!1 &400625605
GameObject:
  m_ObjectHideFlags: 0
  m_PrefabParentObject: {fileID: 105596, guid: 67249a792f444fc4db4d1e7b73a33c66, type: 2}
  m_PrefabInternal: {fileID: 350093494}
  serializedVersion: 4
  m_Component:
  - 224: {fileID: 400625606}
  - 222: {fileID: 400625608}
  - 114: {fileID: 400625607}
  m_Layer: 5
  m_Name: TopBar
  m_TagString: Untagged
  m_Icon: {fileID: 0}
  m_NavMeshLayer: 0
  m_StaticEditorFlags: 0
  m_IsActive: 1
--- !u!224 &400625606
RectTransform:
  m_ObjectHideFlags: 0
  m_PrefabParentObject: {fileID: 22405596, guid: 67249a792f444fc4db4d1e7b73a33c66,
    type: 2}
  m_PrefabInternal: {fileID: 350093494}
  m_GameObject: {fileID: 400625605}
  m_LocalRotation: {x: 0, y: 0, z: 0, w: 1}
  m_LocalPosition: {x: 0, y: 0, z: 0}
  m_LocalScale: {x: 1, y: 1, z: 1}
  m_LocalEulerAnglesHint: {x: 0, y: 0, z: 0}
  m_Children:
  - {fileID: 269727120}
  - {fileID: 2087511580}
  - {fileID: 2092230791}
  - {fileID: 602537815}
  m_Father: {fileID: 1703253846}
  m_RootOrder: 1
  m_AnchorMin: {x: 0.5, y: 0.5}
  m_AnchorMax: {x: 0.5, y: 0.5}
  m_AnchoredPosition: {x: 0, y: 518}
  m_SizeDelta: {x: 640, y: 101}
  m_Pivot: {x: 0.5, y: 0.5}
--- !u!114 &400625607
MonoBehaviour:
  m_ObjectHideFlags: 0
  m_PrefabParentObject: {fileID: 11405602, guid: 67249a792f444fc4db4d1e7b73a33c66,
    type: 2}
  m_PrefabInternal: {fileID: 350093494}
  m_GameObject: {fileID: 400625605}
  m_Enabled: 1
  m_EditorHideFlags: 0
  m_Script: {fileID: -765806418, guid: f5f67c52d1564df4a8936ccd202a3bd8, type: 3}
  m_Name: 
  m_EditorClassIdentifier: 
  m_Material: {fileID: 0}
  m_Color: {r: 0.08088237, g: 0.08088237, b: 0.08088237, a: 1}
  m_RaycastTarget: 1
  m_OnCullStateChanged:
    m_PersistentCalls:
      m_Calls: []
    m_TypeName: UnityEngine.UI.MaskableGraphic+CullStateChangedEvent, UnityEngine.UI,
      Version=1.0.0.0, Culture=neutral, PublicKeyToken=null
  m_Sprite: {fileID: 21300000, guid: 7ed1238760b863f4aafde32ab3a6f28c, type: 3}
  m_Type: 1
  m_PreserveAspect: 0
  m_FillCenter: 1
  m_FillMethod: 4
  m_FillAmount: 1
  m_FillClockwise: 1
  m_FillOrigin: 0
--- !u!222 &400625608
CanvasRenderer:
  m_ObjectHideFlags: 0
  m_PrefabParentObject: {fileID: 22205596, guid: 67249a792f444fc4db4d1e7b73a33c66,
    type: 2}
  m_PrefabInternal: {fileID: 350093494}
  m_GameObject: {fileID: 400625605}
--- !u!1 &423224266
GameObject:
  m_ObjectHideFlags: 0
  m_PrefabParentObject: {fileID: 105618, guid: 67249a792f444fc4db4d1e7b73a33c66, type: 2}
  m_PrefabInternal: {fileID: 350093494}
  serializedVersion: 4
  m_Component:
  - 224: {fileID: 423224267}
  - 222: {fileID: 423224269}
  - 114: {fileID: 423224268}
  m_Layer: 5
  m_Name: Text
  m_TagString: Untagged
  m_Icon: {fileID: 0}
  m_NavMeshLayer: 0
  m_StaticEditorFlags: 0
  m_IsActive: 1
--- !u!224 &423224267
RectTransform:
  m_ObjectHideFlags: 0
  m_PrefabParentObject: {fileID: 22405618, guid: 67249a792f444fc4db4d1e7b73a33c66,
    type: 2}
  m_PrefabInternal: {fileID: 350093494}
  m_GameObject: {fileID: 423224266}
  m_LocalRotation: {x: 0, y: 0, z: 0, w: 1}
  m_LocalPosition: {x: 0, y: 0, z: 0}
  m_LocalScale: {x: 1, y: 1, z: 1}
  m_LocalEulerAnglesHint: {x: 0, y: 0, z: 0}
  m_Children: []
  m_Father: {fileID: 1905657487}
  m_RootOrder: 7
  m_AnchorMin: {x: 0.5, y: 0.5}
  m_AnchorMax: {x: 0.5, y: 0.5}
  m_AnchoredPosition: {x: 270, y: 83.3}
  m_SizeDelta: {x: 160, y: 30}
  m_Pivot: {x: 0.5, y: 0.5}
--- !u!114 &423224268
MonoBehaviour:
  m_ObjectHideFlags: 0
  m_PrefabParentObject: {fileID: 11405628, guid: 67249a792f444fc4db4d1e7b73a33c66,
    type: 2}
  m_PrefabInternal: {fileID: 350093494}
  m_GameObject: {fileID: 423224266}
  m_Enabled: 1
  m_EditorHideFlags: 0
  m_Script: {fileID: 708705254, guid: f5f67c52d1564df4a8936ccd202a3bd8, type: 3}
  m_Name: 
  m_EditorClassIdentifier: 
  m_Material: {fileID: 0}
  m_Color: {r: 0.99607843, g: 0.99607843, b: 0.99607843, a: 1}
  m_RaycastTarget: 1
  m_OnCullStateChanged:
    m_PersistentCalls:
      m_Calls: []
    m_TypeName: UnityEngine.UI.MaskableGraphic+CullStateChangedEvent, UnityEngine.UI,
      Version=1.0.0.0, Culture=neutral, PublicKeyToken=null
  m_FontData:
    m_Font: {fileID: 10102, guid: 0000000000000000e000000000000000, type: 0}
    m_FontSize: 14
    m_FontStyle: 0
    m_BestFit: 0
    m_MinSize: 10
    m_MaxSize: 40
    m_Alignment: 4
    m_AlignByGeometry: 0
    m_RichText: 1
    m_HorizontalOverflow: 0
    m_VerticalOverflow: 0
    m_LineSpacing: 1
  m_Text: P A N O R A M A
--- !u!222 &423224269
CanvasRenderer:
  m_ObjectHideFlags: 0
  m_PrefabParentObject: {fileID: 22205618, guid: 67249a792f444fc4db4d1e7b73a33c66,
    type: 2}
  m_PrefabInternal: {fileID: 350093494}
  m_GameObject: {fileID: 423224266}
--- !u!1 &593358298
GameObject:
  m_ObjectHideFlags: 0
  m_PrefabParentObject: {fileID: 105624, guid: 67249a792f444fc4db4d1e7b73a33c66, type: 2}
  m_PrefabInternal: {fileID: 350093494}
  serializedVersion: 4
  m_Component:
  - 224: {fileID: 593358299}
  - 222: {fileID: 593358302}
  - 114: {fileID: 593358301}
  - 114: {fileID: 593358300}
  m_Layer: 5
  m_Name: Image
  m_TagString: Untagged
  m_Icon: {fileID: 0}
  m_NavMeshLayer: 0
  m_StaticEditorFlags: 0
  m_IsActive: 1
--- !u!224 &593358299
RectTransform:
  m_ObjectHideFlags: 0
  m_PrefabParentObject: {fileID: 22405624, guid: 67249a792f444fc4db4d1e7b73a33c66,
    type: 2}
  m_PrefabInternal: {fileID: 350093494}
  m_GameObject: {fileID: 593358298}
  m_LocalRotation: {x: 0, y: 0, z: 0, w: 1}
  m_LocalPosition: {x: 0, y: 0, z: 0}
  m_LocalScale: {x: 1, y: 1, z: 1}
  m_LocalEulerAnglesHint: {x: 0, y: 0, z: 0}
  m_Children:
  - {fileID: 754459273}
  m_Father: {fileID: 1905657487}
  m_RootOrder: 2
  m_AnchorMin: {x: 0.5, y: 0.5}
  m_AnchorMax: {x: 0.5, y: 0.5}
  m_AnchoredPosition: {x: -224, y: -12}
  m_SizeDelta: {x: 100, y: 100}
  m_Pivot: {x: 0.5, y: 0.5}
--- !u!114 &593358300
MonoBehaviour:
  m_ObjectHideFlags: 0
  m_PrefabParentObject: {fileID: 11405634, guid: 67249a792f444fc4db4d1e7b73a33c66,
    type: 2}
  m_PrefabInternal: {fileID: 350093494}
  m_GameObject: {fileID: 593358298}
  m_Enabled: 1
  m_EditorHideFlags: 0
  m_Script: {fileID: -1200242548, guid: f5f67c52d1564df4a8936ccd202a3bd8, type: 3}
  m_Name: 
  m_EditorClassIdentifier: 
  m_ShowMaskGraphic: 1
--- !u!114 &593358301
MonoBehaviour:
  m_ObjectHideFlags: 0
  m_PrefabParentObject: {fileID: 11405636, guid: 67249a792f444fc4db4d1e7b73a33c66,
    type: 2}
  m_PrefabInternal: {fileID: 350093494}
  m_GameObject: {fileID: 593358298}
  m_Enabled: 1
  m_EditorHideFlags: 0
  m_Script: {fileID: -765806418, guid: f5f67c52d1564df4a8936ccd202a3bd8, type: 3}
  m_Name: 
  m_EditorClassIdentifier: 
  m_Material: {fileID: 0}
  m_Color: {r: 1, g: 1, b: 1, a: 1}
  m_RaycastTarget: 1
  m_OnCullStateChanged:
    m_PersistentCalls:
      m_Calls: []
    m_TypeName: UnityEngine.UI.MaskableGraphic+CullStateChangedEvent, UnityEngine.UI,
      Version=1.0.0.0, Culture=neutral, PublicKeyToken=null
  m_Sprite: {fileID: 0}
  m_Type: 0
  m_PreserveAspect: 0
  m_FillCenter: 1
  m_FillMethod: 4
  m_FillAmount: 1
  m_FillClockwise: 1
  m_FillOrigin: 0
--- !u!222 &593358302
CanvasRenderer:
  m_ObjectHideFlags: 0
  m_PrefabParentObject: {fileID: 22205624, guid: 67249a792f444fc4db4d1e7b73a33c66,
    type: 2}
  m_PrefabInternal: {fileID: 350093494}
  m_GameObject: {fileID: 593358298}
--- !u!1 &602537814
GameObject:
  m_ObjectHideFlags: 0
  m_PrefabParentObject: {fileID: 105632, guid: 67249a792f444fc4db4d1e7b73a33c66, type: 2}
  m_PrefabInternal: {fileID: 350093494}
  serializedVersion: 4
  m_Component:
  - 224: {fileID: 602537815}
  - 222: {fileID: 602537818}
  - 114: {fileID: 602537817}
  - 114: {fileID: 602537816}
  m_Layer: 5
  m_Name: Button
  m_TagString: Untagged
  m_Icon: {fileID: 0}
  m_NavMeshLayer: 0
  m_StaticEditorFlags: 0
  m_IsActive: 1
--- !u!224 &602537815
RectTransform:
  m_ObjectHideFlags: 0
  m_PrefabParentObject: {fileID: 22405632, guid: 67249a792f444fc4db4d1e7b73a33c66,
    type: 2}
  m_PrefabInternal: {fileID: 350093494}
  m_GameObject: {fileID: 602537814}
  m_LocalRotation: {x: 0, y: 0, z: 0, w: 1}
  m_LocalPosition: {x: 0, y: 0, z: 0}
  m_LocalScale: {x: 1, y: 1, z: 1}
  m_LocalEulerAnglesHint: {x: 0, y: 0, z: 0}
  m_Children: []
  m_Father: {fileID: 400625606}
  m_RootOrder: 3
  m_AnchorMin: {x: 0.5, y: 0.5}
  m_AnchorMax: {x: 0.5, y: 0.5}
  m_AnchoredPosition: {x: 90, y: 0}
  m_SizeDelta: {x: 47, y: 47}
  m_Pivot: {x: 0.5, y: 0.5}
--- !u!114 &602537816
MonoBehaviour:
  m_ObjectHideFlags: 0
  m_PrefabParentObject: {fileID: 11405644, guid: 67249a792f444fc4db4d1e7b73a33c66,
    type: 2}
  m_PrefabInternal: {fileID: 350093494}
  m_GameObject: {fileID: 602537814}
  m_Enabled: 1
  m_EditorHideFlags: 0
  m_Script: {fileID: 1392445389, guid: f5f67c52d1564df4a8936ccd202a3bd8, type: 3}
  m_Name: 
  m_EditorClassIdentifier: 
  m_Navigation:
    m_Mode: 3
    m_SelectOnUp: {fileID: 0}
    m_SelectOnDown: {fileID: 0}
    m_SelectOnLeft: {fileID: 0}
    m_SelectOnRight: {fileID: 0}
  m_Transition: 1
  m_Colors:
    m_NormalColor: {r: 1, g: 1, b: 1, a: 1}
    m_HighlightedColor: {r: 0.9607843, g: 0.9607843, b: 0.9607843, a: 1}
    m_PressedColor: {r: 0.78431374, g: 0.78431374, b: 0.78431374, a: 1}
    m_DisabledColor: {r: 0.78431374, g: 0.78431374, b: 0.78431374, a: 0.5019608}
    m_ColorMultiplier: 1
    m_FadeDuration: 0.1
  m_SpriteState:
    m_HighlightedSprite: {fileID: 0}
    m_PressedSprite: {fileID: 0}
    m_DisabledSprite: {fileID: 0}
  m_AnimationTriggers:
    m_NormalTrigger: Normal
    m_HighlightedTrigger: Highlighted
    m_PressedTrigger: Pressed
    m_DisabledTrigger: Disabled
  m_Interactable: 1
  m_TargetGraphic: {fileID: 602537817}
  m_OnClick:
    m_PersistentCalls:
      m_Calls: []
    m_TypeName: UnityEngine.UI.Button+ButtonClickedEvent, UnityEngine.UI, Version=1.0.0.0,
      Culture=neutral, PublicKeyToken=null
--- !u!114 &602537817
MonoBehaviour:
  m_ObjectHideFlags: 0
  m_PrefabParentObject: {fileID: 11405646, guid: 67249a792f444fc4db4d1e7b73a33c66,
    type: 2}
  m_PrefabInternal: {fileID: 350093494}
  m_GameObject: {fileID: 602537814}
  m_Enabled: 1
  m_EditorHideFlags: 0
  m_Script: {fileID: -765806418, guid: f5f67c52d1564df4a8936ccd202a3bd8, type: 3}
  m_Name: 
  m_EditorClassIdentifier: 
  m_Material: {fileID: 0}
  m_Color: {r: 1, g: 1, b: 1, a: 0.827451}
  m_RaycastTarget: 1
  m_OnCullStateChanged:
    m_PersistentCalls:
      m_Calls: []
    m_TypeName: UnityEngine.UI.MaskableGraphic+CullStateChangedEvent, UnityEngine.UI,
      Version=1.0.0.0, Culture=neutral, PublicKeyToken=null
  m_Sprite: {fileID: 21300000, guid: c0d1effa50cad4f13ad7f132fe903904, type: 3}
  m_Type: 0
  m_PreserveAspect: 0
  m_FillCenter: 1
  m_FillMethod: 4
  m_FillAmount: 1
  m_FillClockwise: 1
  m_FillOrigin: 0
--- !u!222 &602537818
CanvasRenderer:
  m_ObjectHideFlags: 0
  m_PrefabParentObject: {fileID: 22205632, guid: 67249a792f444fc4db4d1e7b73a33c66,
    type: 2}
  m_PrefabInternal: {fileID: 350093494}
  m_GameObject: {fileID: 602537814}
--- !u!1 &633461184
GameObject:
  m_ObjectHideFlags: 0
  m_PrefabParentObject: {fileID: 105622, guid: 67249a792f444fc4db4d1e7b73a33c66, type: 2}
  m_PrefabInternal: {fileID: 350093494}
  serializedVersion: 4
  m_Component:
  - 224: {fileID: 633461185}
  - 222: {fileID: 633461187}
  - 114: {fileID: 633461186}
  m_Layer: 5
  m_Name: Text
  m_TagString: Untagged
  m_Icon: {fileID: 0}
  m_NavMeshLayer: 0
  m_StaticEditorFlags: 0
  m_IsActive: 1
--- !u!224 &633461185
RectTransform:
  m_ObjectHideFlags: 0
  m_PrefabParentObject: {fileID: 22405622, guid: 67249a792f444fc4db4d1e7b73a33c66,
    type: 2}
  m_PrefabInternal: {fileID: 350093494}
  m_GameObject: {fileID: 633461184}
  m_LocalRotation: {x: 0, y: 0, z: 0, w: 1}
  m_LocalPosition: {x: 0, y: 0, z: 0}
  m_LocalScale: {x: 1, y: 1, z: 1}
  m_LocalEulerAnglesHint: {x: 0, y: 0, z: 0}
  m_Children:
  - {fileID: 93980218}
  m_Father: {fileID: 1905657487}
  m_RootOrder: 3
  m_AnchorMin: {x: 0.5, y: 0.5}
  m_AnchorMax: {x: 0.5, y: 0.5}
  m_AnchoredPosition: {x: 0, y: 83.3}
  m_SizeDelta: {x: 160, y: 30}
  m_Pivot: {x: 0.5, y: 0.5}
--- !u!114 &633461186
MonoBehaviour:
  m_ObjectHideFlags: 0
  m_PrefabParentObject: {fileID: 11405632, guid: 67249a792f444fc4db4d1e7b73a33c66,
    type: 2}
  m_PrefabInternal: {fileID: 350093494}
  m_GameObject: {fileID: 633461184}
  m_Enabled: 1
  m_EditorHideFlags: 0
  m_Script: {fileID: 708705254, guid: f5f67c52d1564df4a8936ccd202a3bd8, type: 3}
  m_Name: 
  m_EditorClassIdentifier: 
  m_Material: {fileID: 0}
  m_Color: {r: 0.99607843, g: 0.99607843, b: 0.99607843, a: 1}
  m_RaycastTarget: 1
  m_OnCullStateChanged:
    m_PersistentCalls:
      m_Calls: []
    m_TypeName: UnityEngine.UI.MaskableGraphic+CullStateChangedEvent, UnityEngine.UI,
      Version=1.0.0.0, Culture=neutral, PublicKeyToken=null
  m_FontData:
    m_Font: {fileID: 10102, guid: 0000000000000000e000000000000000, type: 0}
    m_FontSize: 14
    m_FontStyle: 0
    m_BestFit: 0
    m_MinSize: 10
    m_MaxSize: 40
    m_Alignment: 4
    m_AlignByGeometry: 0
    m_RichText: 1
    m_HorizontalOverflow: 0
    m_VerticalOverflow: 0
    m_LineSpacing: 1
  m_Text: P H O T O
--- !u!222 &633461187
CanvasRenderer:
  m_ObjectHideFlags: 0
  m_PrefabParentObject: {fileID: 22205622, guid: 67249a792f444fc4db4d1e7b73a33c66,
    type: 2}
  m_PrefabInternal: {fileID: 350093494}
  m_GameObject: {fileID: 633461184}
--- !u!1 &738717381
GameObject:
  m_ObjectHideFlags: 0
  m_PrefabParentObject: {fileID: 105646, guid: 67249a792f444fc4db4d1e7b73a33c66, type: 2}
  m_PrefabInternal: {fileID: 350093494}
  serializedVersion: 4
  m_Component:
  - 224: {fileID: 738717386}
  - 223: {fileID: 738717385}
  - 114: {fileID: 738717384}
  - 114: {fileID: 738717383}
  - 222: {fileID: 738717382}
  m_Layer: 5
  m_Name: CameraApp_3
  m_TagString: Untagged
  m_Icon: {fileID: 0}
  m_NavMeshLayer: 0
  m_StaticEditorFlags: 0
  m_IsActive: 1
--- !u!222 &738717382
CanvasRenderer:
  m_ObjectHideFlags: 0
  m_PrefabParentObject: {fileID: 22205646, guid: 67249a792f444fc4db4d1e7b73a33c66,
    type: 2}
  m_PrefabInternal: {fileID: 350093494}
  m_GameObject: {fileID: 738717381}
--- !u!114 &738717383
MonoBehaviour:
  m_ObjectHideFlags: 0
  m_PrefabParentObject: {fileID: 11405662, guid: 67249a792f444fc4db4d1e7b73a33c66,
    type: 2}
  m_PrefabInternal: {fileID: 350093494}
  m_GameObject: {fileID: 738717381}
  m_Enabled: 1
  m_EditorHideFlags: 0
  m_Script: {fileID: 1301386320, guid: f5f67c52d1564df4a8936ccd202a3bd8, type: 3}
  m_Name: 
  m_EditorClassIdentifier: 
  m_IgnoreReversedGraphics: 1
  m_BlockingObjects: 0
  m_BlockingMask:
    serializedVersion: 2
    m_Bits: 4294967295
--- !u!114 &738717384
MonoBehaviour:
  m_ObjectHideFlags: 0
  m_PrefabParentObject: {fileID: 11405664, guid: 67249a792f444fc4db4d1e7b73a33c66,
    type: 2}
  m_PrefabInternal: {fileID: 350093494}
  m_GameObject: {fileID: 738717381}
  m_Enabled: 1
  m_EditorHideFlags: 0
  m_Script: {fileID: 1980459831, guid: f5f67c52d1564df4a8936ccd202a3bd8, type: 3}
  m_Name: 
  m_EditorClassIdentifier: 
  m_UiScaleMode: 1
  m_ReferencePixelsPerUnit: 100
  m_ScaleFactor: 1
  m_ReferenceResolution: {x: 640, y: 1136}
  m_ScreenMatchMode: 0
  m_MatchWidthOrHeight: 1
  m_PhysicalUnit: 3
  m_FallbackScreenDPI: 96
  m_DefaultSpriteDPI: 96
  m_DynamicPixelsPerUnit: 1
--- !u!223 &738717385
Canvas:
  m_ObjectHideFlags: 0
  m_PrefabParentObject: {fileID: 22305592, guid: 67249a792f444fc4db4d1e7b73a33c66,
    type: 2}
  m_PrefabInternal: {fileID: 350093494}
  m_GameObject: {fileID: 738717381}
  m_Enabled: 1
  serializedVersion: 2
  m_RenderMode: 0
  m_Camera: {fileID: 0}
  m_PlaneDistance: 100
  m_PixelPerfect: 1
  m_ReceivesEvents: 1
  m_OverrideSorting: 0
  m_OverridePixelPerfect: 0
  m_SortingBucketNormalizedSize: 0
  m_SortingLayerID: 0
  m_SortingOrder: 0
  m_TargetDisplay: 0
--- !u!224 &738717386
RectTransform:
  m_ObjectHideFlags: 0
  m_PrefabParentObject: {fileID: 22405646, guid: 67249a792f444fc4db4d1e7b73a33c66,
    type: 2}
  m_PrefabInternal: {fileID: 350093494}
  m_GameObject: {fileID: 738717381}
  m_LocalRotation: {x: 0, y: 0, z: 0, w: 1}
  m_LocalPosition: {x: 0, y: 0, z: 0}
  m_LocalScale: {x: 0, y: 0, z: 0}
  m_LocalEulerAnglesHint: {x: 0, y: 0, z: 0}
  m_Children:
  - {fileID: 2139260303}
  - {fileID: 1703253846}
  m_Father: {fileID: 0}
  m_RootOrder: 0
  m_AnchorMin: {x: 0, y: 0}
  m_AnchorMax: {x: 0, y: 0}
  m_AnchoredPosition: {x: 0, y: 0}
  m_SizeDelta: {x: 0, y: 0}
  m_Pivot: {x: 0, y: 0}
--- !u!1 &754459272
GameObject:
  m_ObjectHideFlags: 0
  m_PrefabParentObject: {fileID: 105630, guid: 67249a792f444fc4db4d1e7b73a33c66, type: 2}
  m_PrefabInternal: {fileID: 350093494}
  serializedVersion: 4
  m_Component:
  - 224: {fileID: 754459273}
  - 222: {fileID: 754459275}
  - 114: {fileID: 754459274}
  m_Layer: 5
  m_Name: Image
  m_TagString: Untagged
  m_Icon: {fileID: 0}
  m_NavMeshLayer: 0
  m_StaticEditorFlags: 0
  m_IsActive: 1
--- !u!224 &754459273
RectTransform:
  m_ObjectHideFlags: 0
  m_PrefabParentObject: {fileID: 22405630, guid: 67249a792f444fc4db4d1e7b73a33c66,
    type: 2}
  m_PrefabInternal: {fileID: 350093494}
  m_GameObject: {fileID: 754459272}
  m_LocalRotation: {x: 0, y: 0, z: 0, w: 1}
  m_LocalPosition: {x: 0, y: 0, z: 0}
  m_LocalScale: {x: 1, y: 1, z: 1}
  m_LocalEulerAnglesHint: {x: 0, y: 0, z: 0}
  m_Children: []
  m_Father: {fileID: 593358299}
  m_RootOrder: 0
  m_AnchorMin: {x: 0.5, y: 0.5}
  m_AnchorMax: {x: 0.5, y: 0.5}
  m_AnchoredPosition: {x: 5.2, y: -0.0000030547}
  m_SizeDelta: {x: 150.9, y: 101.62}
  m_Pivot: {x: 0.5, y: 0.5}
--- !u!114 &754459274
MonoBehaviour:
  m_ObjectHideFlags: 0
  m_PrefabParentObject: {fileID: 11405642, guid: 67249a792f444fc4db4d1e7b73a33c66,
    type: 2}
  m_PrefabInternal: {fileID: 350093494}
  m_GameObject: {fileID: 754459272}
  m_Enabled: 1
  m_EditorHideFlags: 0
  m_Script: {fileID: -765806418, guid: f5f67c52d1564df4a8936ccd202a3bd8, type: 3}
  m_Name: 
  m_EditorClassIdentifier: 
  m_Material: {fileID: 0}
  m_Color: {r: 1, g: 1, b: 1, a: 1}
  m_RaycastTarget: 1
  m_OnCullStateChanged:
    m_PersistentCalls:
      m_Calls: []
    m_TypeName: UnityEngine.UI.MaskableGraphic+CullStateChangedEvent, UnityEngine.UI,
      Version=1.0.0.0, Culture=neutral, PublicKeyToken=null
  m_Sprite: {fileID: 21300000, guid: fb8f771b6ed6a07498558e646ceee548, type: 3}
  m_Type: 0
  m_PreserveAspect: 0
  m_FillCenter: 1
  m_FillMethod: 4
  m_FillAmount: 1
  m_FillClockwise: 1
  m_FillOrigin: 0
--- !u!222 &754459275
CanvasRenderer:
  m_ObjectHideFlags: 0
  m_PrefabParentObject: {fileID: 22205630, guid: 67249a792f444fc4db4d1e7b73a33c66,
    type: 2}
  m_PrefabInternal: {fileID: 350093494}
  m_GameObject: {fileID: 754459272}
--- !u!1 &805749201
GameObject:
  m_ObjectHideFlags: 0
  m_PrefabParentObject: {fileID: 105650, guid: 67249a792f444fc4db4d1e7b73a33c66, type: 2}
  m_PrefabInternal: {fileID: 350093494}
  serializedVersion: 4
  m_Component:
  - 224: {fileID: 805749202}
  - 222: {fileID: 805749205}
  - 114: {fileID: 805749204}
  - 114: {fileID: 805749203}
  m_Layer: 5
  m_Name: ColorIcons
  m_TagString: Untagged
  m_Icon: {fileID: 0}
  m_NavMeshLayer: 0
  m_StaticEditorFlags: 0
  m_IsActive: 1
--- !u!224 &805749202
RectTransform:
  m_ObjectHideFlags: 0
  m_PrefabParentObject: {fileID: 22405650, guid: 67249a792f444fc4db4d1e7b73a33c66,
    type: 2}
  m_PrefabInternal: {fileID: 350093494}
  m_GameObject: {fileID: 805749201}
  m_LocalRotation: {x: 0, y: 0, z: 0, w: 1}
  m_LocalPosition: {x: 0, y: 0, z: 0}
  m_LocalScale: {x: 1, y: 1, z: 1}
  m_LocalEulerAnglesHint: {x: 0, y: 0, z: 0}
  m_Children:
  - {fileID: 1560757404}
  - {fileID: 1982045255}
  m_Father: {fileID: 1905657487}
  m_RootOrder: 1
  m_AnchorMin: {x: 0.5, y: 0.5}
  m_AnchorMax: {x: 0.5, y: 0.5}
  m_AnchoredPosition: {x: 240, y: 1}
  m_SizeDelta: {x: 45, y: 44}
  m_Pivot: {x: 0.5, y: 0.5}
--- !u!114 &805749203
MonoBehaviour:
  m_ObjectHideFlags: 0
  m_PrefabParentObject: {fileID: 11405596, guid: 67249a792f444fc4db4d1e7b73a33c66,
    type: 2}
  m_PrefabInternal: {fileID: 350093494}
  m_GameObject: {fileID: 805749201}
  m_Enabled: 1
  m_EditorHideFlags: 0
  m_Script: {fileID: 1392445389, guid: f5f67c52d1564df4a8936ccd202a3bd8, type: 3}
  m_Name: 
  m_EditorClassIdentifier: 
  m_Navigation:
    m_Mode: 3
    m_SelectOnUp: {fileID: 0}
    m_SelectOnDown: {fileID: 0}
    m_SelectOnLeft: {fileID: 0}
    m_SelectOnRight: {fileID: 0}
  m_Transition: 1
  m_Colors:
    m_NormalColor: {r: 1, g: 1, b: 1, a: 1}
    m_HighlightedColor: {r: 0.9607843, g: 0.9607843, b: 0.9607843, a: 1}
    m_PressedColor: {r: 0.78431374, g: 0.78431374, b: 0.78431374, a: 1}
    m_DisabledColor: {r: 0.78431374, g: 0.78431374, b: 0.78431374, a: 0.5019608}
    m_ColorMultiplier: 1
    m_FadeDuration: 0.1
  m_SpriteState:
    m_HighlightedSprite: {fileID: 0}
    m_PressedSprite: {fileID: 0}
    m_DisabledSprite: {fileID: 0}
  m_AnimationTriggers:
    m_NormalTrigger: Normal
    m_HighlightedTrigger: Highlighted
    m_PressedTrigger: Pressed
    m_DisabledTrigger: Disabled
  m_Interactable: 1
  m_TargetGraphic: {fileID: 805749204}
  m_OnClick:
    m_PersistentCalls:
      m_Calls: []
    m_TypeName: UnityEngine.UI.Button+ButtonClickedEvent, UnityEngine.UI, Version=1.0.0.0,
      Culture=neutral, PublicKeyToken=null
--- !u!114 &805749204
MonoBehaviour:
  m_ObjectHideFlags: 0
  m_PrefabParentObject: {fileID: 11405668, guid: 67249a792f444fc4db4d1e7b73a33c66,
    type: 2}
  m_PrefabInternal: {fileID: 350093494}
  m_GameObject: {fileID: 805749201}
  m_Enabled: 1
  m_EditorHideFlags: 0
  m_Script: {fileID: -765806418, guid: f5f67c52d1564df4a8936ccd202a3bd8, type: 3}
  m_Name: 
  m_EditorClassIdentifier: 
  m_Material: {fileID: 0}
  m_Color: {r: 0.9647059, g: 0.9647059, b: 0.9647059, a: 0.41960785}
  m_RaycastTarget: 1
  m_OnCullStateChanged:
    m_PersistentCalls:
      m_Calls: []
    m_TypeName: UnityEngine.UI.MaskableGraphic+CullStateChangedEvent, UnityEngine.UI,
      Version=1.0.0.0, Culture=neutral, PublicKeyToken=null
  m_Sprite: {fileID: 21300000, guid: f04f7faa5cfd8444a9b61e426135725f, type: 3}
  m_Type: 0
  m_PreserveAspect: 0
  m_FillCenter: 1
  m_FillMethod: 4
  m_FillAmount: 1
  m_FillClockwise: 1
  m_FillOrigin: 0
--- !u!222 &805749205
CanvasRenderer:
  m_ObjectHideFlags: 0
  m_PrefabParentObject: {fileID: 22205650, guid: 67249a792f444fc4db4d1e7b73a33c66,
    type: 2}
  m_PrefabInternal: {fileID: 350093494}
  m_GameObject: {fileID: 805749201}
--- !u!1 &848710098
GameObject:
  m_ObjectHideFlags: 0
  m_PrefabParentObject: {fileID: 105628, guid: 67249a792f444fc4db4d1e7b73a33c66, type: 2}
  m_PrefabInternal: {fileID: 350093494}
  serializedVersion: 4
  m_Component:
  - 224: {fileID: 848710099}
  - 222: {fileID: 848710101}
  - 114: {fileID: 848710100}
  m_Layer: 5
  m_Name: FocusOverlay
  m_TagString: Untagged
  m_Icon: {fileID: 0}
  m_NavMeshLayer: 0
  m_StaticEditorFlags: 0
  m_IsActive: 1
--- !u!224 &848710099
RectTransform:
  m_ObjectHideFlags: 0
  m_PrefabParentObject: {fileID: 22405628, guid: 67249a792f444fc4db4d1e7b73a33c66,
    type: 2}
  m_PrefabInternal: {fileID: 350093494}
  m_GameObject: {fileID: 848710098}
  m_LocalRotation: {x: 0, y: 0, z: 0, w: 1}
  m_LocalPosition: {x: 0, y: 0, z: 0}
  m_LocalScale: {x: 1, y: 1, z: 1}
  m_LocalEulerAnglesHint: {x: 0, y: 0, z: 0}
  m_Children:
  - {fileID: 133357938}
  - {fileID: 1175534924}
  - {fileID: 1167756953}
  - {fileID: 1998084389}
  m_Father: {fileID: 1703253846}
  m_RootOrder: 2
  m_AnchorMin: {x: 0.5, y: 0.5}
  m_AnchorMax: {x: 0.5, y: 0.5}
  m_AnchoredPosition: {x: 61.3, y: 289}
  m_SizeDelta: {x: 122.6, y: 122.64}
  m_Pivot: {x: 0.5, y: 0.5}
--- !u!114 &848710100
MonoBehaviour:
  m_ObjectHideFlags: 0
  m_PrefabParentObject: {fileID: 11405640, guid: 67249a792f444fc4db4d1e7b73a33c66,
    type: 2}
  m_PrefabInternal: {fileID: 350093494}
  m_GameObject: {fileID: 848710098}
  m_Enabled: 1
  m_EditorHideFlags: 0
  m_Script: {fileID: -765806418, guid: f5f67c52d1564df4a8936ccd202a3bd8, type: 3}
  m_Name: 
  m_EditorClassIdentifier: 
  m_Material: {fileID: 0}
  m_Color: {r: 1, g: 1, b: 1, a: 1}
  m_RaycastTarget: 1
  m_OnCullStateChanged:
    m_PersistentCalls:
      m_Calls: []
    m_TypeName: UnityEngine.UI.MaskableGraphic+CullStateChangedEvent, UnityEngine.UI,
      Version=1.0.0.0, Culture=neutral, PublicKeyToken=null
  m_Sprite: {fileID: 21300000, guid: ef4fd71bbf687d8488b474e83d25f321, type: 3}
  m_Type: 1
  m_PreserveAspect: 0
  m_FillCenter: 1
  m_FillMethod: 4
  m_FillAmount: 1
  m_FillClockwise: 1
  m_FillOrigin: 0
--- !u!222 &848710101
CanvasRenderer:
  m_ObjectHideFlags: 0
  m_PrefabParentObject: {fileID: 22205628, guid: 67249a792f444fc4db4d1e7b73a33c66,
    type: 2}
  m_PrefabInternal: {fileID: 350093494}
  m_GameObject: {fileID: 848710098}
--- !u!1 &1082734399
GameObject:
  m_ObjectHideFlags: 0
  m_PrefabParentObject: {fileID: 105600, guid: 67249a792f444fc4db4d1e7b73a33c66, type: 2}
  m_PrefabInternal: {fileID: 350093494}
  serializedVersion: 4
  m_Component:
  - 224: {fileID: 1082734400}
  - 222: {fileID: 1082734402}
  - 114: {fileID: 1082734401}
  m_Layer: 5
  m_Name: Text
  m_TagString: Untagged
  m_Icon: {fileID: 0}
  m_NavMeshLayer: 0
  m_StaticEditorFlags: 0
  m_IsActive: 1
--- !u!224 &1082734400
RectTransform:
  m_ObjectHideFlags: 0
  m_PrefabParentObject: {fileID: 22405600, guid: 67249a792f444fc4db4d1e7b73a33c66,
    type: 2}
  m_PrefabInternal: {fileID: 350093494}
  m_GameObject: {fileID: 1082734399}
  m_LocalRotation: {x: 0, y: 0, z: 0, w: 1}
  m_LocalPosition: {x: 0, y: 0, z: 0}
  m_LocalScale: {x: 1, y: 1, z: 1}
  m_LocalEulerAnglesHint: {x: 0, y: 0, z: 0}
  m_Children: []
  m_Father: {fileID: 1905657487}
  m_RootOrder: 5
  m_AnchorMin: {x: 0.5, y: 0.5}
  m_AnchorMax: {x: 0.5, y: 0.5}
  m_AnchoredPosition: {x: 130, y: 83.30005}
  m_SizeDelta: {x: 160, y: 30}
  m_Pivot: {x: 0.5, y: 0.5}
--- !u!114 &1082734401
MonoBehaviour:
  m_ObjectHideFlags: 0
  m_PrefabParentObject: {fileID: 11405608, guid: 67249a792f444fc4db4d1e7b73a33c66,
    type: 2}
  m_PrefabInternal: {fileID: 350093494}
  m_GameObject: {fileID: 1082734399}
  m_Enabled: 1
  m_EditorHideFlags: 0
  m_Script: {fileID: 708705254, guid: f5f67c52d1564df4a8936ccd202a3bd8, type: 3}
  m_Name: 
  m_EditorClassIdentifier: 
  m_Material: {fileID: 0}
  m_Color: {r: 0.99607843, g: 0.99607843, b: 0.99607843, a: 1}
  m_RaycastTarget: 1
  m_OnCullStateChanged:
    m_PersistentCalls:
      m_Calls: []
    m_TypeName: UnityEngine.UI.MaskableGraphic+CullStateChangedEvent, UnityEngine.UI,
      Version=1.0.0.0, Culture=neutral, PublicKeyToken=null
  m_FontData:
    m_Font: {fileID: 10102, guid: 0000000000000000e000000000000000, type: 0}
    m_FontSize: 14
    m_FontStyle: 0
    m_BestFit: 0
    m_MinSize: 10
    m_MaxSize: 40
    m_Alignment: 4
    m_AlignByGeometry: 0
    m_RichText: 1
    m_HorizontalOverflow: 0
    m_VerticalOverflow: 0
    m_LineSpacing: 1
  m_Text: S Q U A R E
--- !u!222 &1082734402
CanvasRenderer:
  m_ObjectHideFlags: 0
  m_PrefabParentObject: {fileID: 22205600, guid: 67249a792f444fc4db4d1e7b73a33c66,
    type: 2}
  m_PrefabInternal: {fileID: 350093494}
  m_GameObject: {fileID: 1082734399}
--- !u!1 &1161790941
GameObject:
  m_ObjectHideFlags: 0
  m_PrefabParentObject: {fileID: 105612, guid: 67249a792f444fc4db4d1e7b73a33c66, type: 2}
  m_PrefabInternal: {fileID: 350093494}
  serializedVersion: 4
  m_Component:
  - 224: {fileID: 1161790942}
  - 222: {fileID: 1161790944}
  - 114: {fileID: 1161790943}
  m_Layer: 5
  m_Name: Line
  m_TagString: Untagged
  m_Icon: {fileID: 0}
  m_NavMeshLayer: 0
  m_StaticEditorFlags: 0
  m_IsActive: 1
--- !u!224 &1161790942
RectTransform:
  m_ObjectHideFlags: 0
  m_PrefabParentObject: {fileID: 22405612, guid: 67249a792f444fc4db4d1e7b73a33c66,
    type: 2}
  m_PrefabInternal: {fileID: 350093494}
  m_GameObject: {fileID: 1161790941}
  m_LocalRotation: {x: 0, y: 0, z: 0, w: 1}
  m_LocalPosition: {x: 0, y: 0, z: 0}
  m_LocalScale: {x: 1, y: 1, z: 1}
  m_LocalEulerAnglesHint: {x: 0, y: 0, z: 0}
  m_Children: []
  m_Father: {fileID: 1480814849}
  m_RootOrder: 0
  m_AnchorMin: {x: 0.5, y: 0.5}
  m_AnchorMax: {x: 0.5, y: 0.5}
  m_AnchoredPosition: {x: 211, y: 26.5}
  m_SizeDelta: {x: 1, y: 819}
  m_Pivot: {x: 0.5, y: 0.5}
--- !u!114 &1161790943
MonoBehaviour:
  m_ObjectHideFlags: 0
  m_PrefabParentObject: {fileID: 11405622, guid: 67249a792f444fc4db4d1e7b73a33c66,
    type: 2}
  m_PrefabInternal: {fileID: 350093494}
  m_GameObject: {fileID: 1161790941}
  m_Enabled: 1
  m_EditorHideFlags: 0
  m_Script: {fileID: -765806418, guid: f5f67c52d1564df4a8936ccd202a3bd8, type: 3}
  m_Name: 
  m_EditorClassIdentifier: 
  m_Material: {fileID: 0}
  m_Color: {r: 1, g: 1, b: 1, a: 1}
  m_RaycastTarget: 1
  m_OnCullStateChanged:
    m_PersistentCalls:
      m_Calls: []
    m_TypeName: UnityEngine.UI.MaskableGraphic+CullStateChangedEvent, UnityEngine.UI,
      Version=1.0.0.0, Culture=neutral, PublicKeyToken=null
  m_Sprite: {fileID: 21300000, guid: 7ed1238760b863f4aafde32ab3a6f28c, type: 3}
  m_Type: 1
  m_PreserveAspect: 0
  m_FillCenter: 1
  m_FillMethod: 4
  m_FillAmount: 1
  m_FillClockwise: 1
  m_FillOrigin: 0
--- !u!222 &1161790944
CanvasRenderer:
  m_ObjectHideFlags: 0
  m_PrefabParentObject: {fileID: 22205612, guid: 67249a792f444fc4db4d1e7b73a33c66,
    type: 2}
  m_PrefabInternal: {fileID: 350093494}
  m_GameObject: {fileID: 1161790941}
--- !u!1 &1167756952
GameObject:
  m_ObjectHideFlags: 0
  m_PrefabParentObject: {fileID: 105594, guid: 67249a792f444fc4db4d1e7b73a33c66, type: 2}
  m_PrefabInternal: {fileID: 350093494}
  serializedVersion: 4
  m_Component:
  - 224: {fileID: 1167756953}
  - 222: {fileID: 1167756955}
  - 114: {fileID: 1167756954}
  m_Layer: 5
  m_Name: Line
  m_TagString: Untagged
  m_Icon: {fileID: 0}
  m_NavMeshLayer: 0
  m_StaticEditorFlags: 0
  m_IsActive: 1
--- !u!224 &1167756953
RectTransform:
  m_ObjectHideFlags: 0
  m_PrefabParentObject: {fileID: 22405594, guid: 67249a792f444fc4db4d1e7b73a33c66,
    type: 2}
  m_PrefabInternal: {fileID: 350093494}
  m_GameObject: {fileID: 1167756952}
  m_LocalRotation: {x: 0, y: 0, z: 0.7071068, w: 0.7071068}
  m_LocalPosition: {x: 0, y: 0, z: 0}
  m_LocalScale: {x: 1, y: 1, z: 1}
  m_LocalEulerAnglesHint: {x: 0, y: 0, z: 0}
  m_Children: []
  m_Father: {fileID: 848710099}
  m_RootOrder: 2
  m_AnchorMin: {x: 0.5, y: 0.5}
  m_AnchorMax: {x: 0.5, y: 0.5}
  m_AnchoredPosition: {x: 0.0000085831, y: 56.15}
  m_SizeDelta: {x: 9.9, y: 1}
  m_Pivot: {x: 0.5, y: 0.5}
--- !u!114 &1167756954
MonoBehaviour:
  m_ObjectHideFlags: 0
  m_PrefabParentObject: {fileID: 11405600, guid: 67249a792f444fc4db4d1e7b73a33c66,
    type: 2}
  m_PrefabInternal: {fileID: 350093494}
  m_GameObject: {fileID: 1167756952}
  m_Enabled: 1
  m_EditorHideFlags: 0
  m_Script: {fileID: -765806418, guid: f5f67c52d1564df4a8936ccd202a3bd8, type: 3}
  m_Name: 
  m_EditorClassIdentifier: 
  m_Material: {fileID: 0}
  m_Color: {r: 1, g: 1, b: 1, a: 1}
  m_RaycastTarget: 1
  m_OnCullStateChanged:
    m_PersistentCalls:
      m_Calls: []
    m_TypeName: UnityEngine.UI.MaskableGraphic+CullStateChangedEvent, UnityEngine.UI,
      Version=1.0.0.0, Culture=neutral, PublicKeyToken=null
  m_Sprite: {fileID: 21300000, guid: 7ed1238760b863f4aafde32ab3a6f28c, type: 3}
  m_Type: 1
  m_PreserveAspect: 0
  m_FillCenter: 1
  m_FillMethod: 4
  m_FillAmount: 1
  m_FillClockwise: 1
  m_FillOrigin: 0
--- !u!222 &1167756955
CanvasRenderer:
  m_ObjectHideFlags: 0
  m_PrefabParentObject: {fileID: 22205594, guid: 67249a792f444fc4db4d1e7b73a33c66,
    type: 2}
  m_PrefabInternal: {fileID: 350093494}
  m_GameObject: {fileID: 1167756952}
--- !u!1 &1175534923
GameObject:
  m_ObjectHideFlags: 0
  m_PrefabParentObject: {fileID: 105620, guid: 67249a792f444fc4db4d1e7b73a33c66, type: 2}
  m_PrefabInternal: {fileID: 350093494}
  serializedVersion: 4
  m_Component:
  - 224: {fileID: 1175534924}
  - 222: {fileID: 1175534926}
  - 114: {fileID: 1175534925}
  m_Layer: 5
  m_Name: Line
  m_TagString: Untagged
  m_Icon: {fileID: 0}
  m_NavMeshLayer: 0
  m_StaticEditorFlags: 0
  m_IsActive: 1
--- !u!224 &1175534924
RectTransform:
  m_ObjectHideFlags: 0
  m_PrefabParentObject: {fileID: 22405620, guid: 67249a792f444fc4db4d1e7b73a33c66,
    type: 2}
  m_PrefabInternal: {fileID: 350093494}
  m_GameObject: {fileID: 1175534923}
  m_LocalRotation: {x: 0, y: 0, z: 0, w: 1}
  m_LocalPosition: {x: 0, y: 0, z: 0}
  m_LocalScale: {x: 1, y: 1, z: 1}
  m_LocalEulerAnglesHint: {x: 0, y: 0, z: 0}
  m_Children: []
  m_Father: {fileID: 848710099}
  m_RootOrder: 1
  m_AnchorMin: {x: 0.5, y: 0.5}
  m_AnchorMax: {x: 0.5, y: 0.5}
  m_AnchoredPosition: {x: 55.89, y: 0}
  m_SizeDelta: {x: 9.9, y: 1}
  m_Pivot: {x: 0.5, y: 0.5}
--- !u!114 &1175534925
MonoBehaviour:
  m_ObjectHideFlags: 0
  m_PrefabParentObject: {fileID: 11405630, guid: 67249a792f444fc4db4d1e7b73a33c66,
    type: 2}
  m_PrefabInternal: {fileID: 350093494}
  m_GameObject: {fileID: 1175534923}
  m_Enabled: 1
  m_EditorHideFlags: 0
  m_Script: {fileID: -765806418, guid: f5f67c52d1564df4a8936ccd202a3bd8, type: 3}
  m_Name: 
  m_EditorClassIdentifier: 
  m_Material: {fileID: 0}
  m_Color: {r: 1, g: 1, b: 1, a: 1}
  m_RaycastTarget: 1
  m_OnCullStateChanged:
    m_PersistentCalls:
      m_Calls: []
    m_TypeName: UnityEngine.UI.MaskableGraphic+CullStateChangedEvent, UnityEngine.UI,
      Version=1.0.0.0, Culture=neutral, PublicKeyToken=null
  m_Sprite: {fileID: 21300000, guid: 7ed1238760b863f4aafde32ab3a6f28c, type: 3}
  m_Type: 1
  m_PreserveAspect: 0
  m_FillCenter: 1
  m_FillMethod: 4
  m_FillAmount: 1
  m_FillClockwise: 1
  m_FillOrigin: 0
--- !u!222 &1175534926
CanvasRenderer:
  m_ObjectHideFlags: 0
  m_PrefabParentObject: {fileID: 22205620, guid: 67249a792f444fc4db4d1e7b73a33c66,
    type: 2}
  m_PrefabInternal: {fileID: 350093494}
  m_GameObject: {fileID: 1175534923}
--- !u!1 &1177215483
GameObject:
  m_ObjectHideFlags: 0
  m_PrefabParentObject: {fileID: 105656, guid: 67249a792f444fc4db4d1e7b73a33c66, type: 2}
  m_PrefabInternal: {fileID: 350093494}
  serializedVersion: 4
  m_Component:
  - 224: {fileID: 1177215484}
  - 222: {fileID: 1177215486}
  - 114: {fileID: 1177215485}
  m_Layer: 5
  m_Name: AppTitle
  m_TagString: Untagged
  m_Icon: {fileID: 0}
  m_NavMeshLayer: 0
  m_StaticEditorFlags: 0
  m_IsActive: 1
--- !u!224 &1177215484
RectTransform:
  m_ObjectHideFlags: 0
  m_PrefabParentObject: {fileID: 22405656, guid: 67249a792f444fc4db4d1e7b73a33c66,
    type: 2}
  m_PrefabInternal: {fileID: 350093494}
  m_GameObject: {fileID: 1177215483}
  m_LocalRotation: {x: 0, y: 0, z: 0, w: 1}
  m_LocalPosition: {x: 0, y: 0, z: 0}
  m_LocalScale: {x: 1, y: 1, z: 1}
  m_LocalEulerAnglesHint: {x: 0, y: 0, z: 0}
  m_Children: []
  m_Father: {fileID: 2139260303}
  m_RootOrder: 0
  m_AnchorMin: {x: 0.5, y: 0.5}
  m_AnchorMax: {x: 0.5, y: 0.5}
  m_AnchoredPosition: {x: 0, y: -86}
  m_SizeDelta: {x: 695, y: 67}
  m_Pivot: {x: 0.5, y: 0.5}
--- !u!114 &1177215485
MonoBehaviour:
  m_ObjectHideFlags: 0
  m_PrefabParentObject: {fileID: 11405674, guid: 67249a792f444fc4db4d1e7b73a33c66,
    type: 2}
  m_PrefabInternal: {fileID: 350093494}
  m_GameObject: {fileID: 1177215483}
  m_Enabled: 1
  m_EditorHideFlags: 0
  m_Script: {fileID: 708705254, guid: f5f67c52d1564df4a8936ccd202a3bd8, type: 3}
  m_Name: 
  m_EditorClassIdentifier: 
  m_Material: {fileID: 0}
  m_Color: {r: 0.85490197, g: 0.85490197, b: 0.85490197, a: 1}
  m_RaycastTarget: 1
  m_OnCullStateChanged:
    m_PersistentCalls:
      m_Calls: []
    m_TypeName: UnityEngine.UI.MaskableGraphic+CullStateChangedEvent, UnityEngine.UI,
      Version=1.0.0.0, Culture=neutral, PublicKeyToken=null
  m_FontData:
    m_Font: {fileID: 12800000, guid: 218956a5c2a6e42d6a60afccf80b002b, type: 3}
    m_FontSize: 40
    m_FontStyle: 0
    m_BestFit: 0
    m_MinSize: 10
    m_MaxSize: 40
    m_Alignment: 0
    m_AlignByGeometry: 0
    m_RichText: 1
    m_HorizontalOverflow: 0
    m_VerticalOverflow: 1
    m_LineSpacing: 1
  m_Text: APP SAMPLE
--- !u!222 &1177215486
CanvasRenderer:
  m_ObjectHideFlags: 0
  m_PrefabParentObject: {fileID: 22205656, guid: 67249a792f444fc4db4d1e7b73a33c66,
    type: 2}
  m_PrefabInternal: {fileID: 350093494}
  m_GameObject: {fileID: 1177215483}
--- !u!1 &1188877550
GameObject:
  m_ObjectHideFlags: 0
  m_PrefabParentObject: {fileID: 105604, guid: 67249a792f444fc4db4d1e7b73a33c66, type: 2}
  m_PrefabInternal: {fileID: 350093494}
  serializedVersion: 4
  m_Component:
  - 224: {fileID: 1188877551}
  - 222: {fileID: 1188877553}
  - 114: {fileID: 1188877552}
  m_Layer: 5
  m_Name: Text
  m_TagString: Untagged
  m_Icon: {fileID: 0}
  m_NavMeshLayer: 0
  m_StaticEditorFlags: 0
  m_IsActive: 1
--- !u!224 &1188877551
RectTransform:
  m_ObjectHideFlags: 0
  m_PrefabParentObject: {fileID: 22405604, guid: 67249a792f444fc4db4d1e7b73a33c66,
    type: 2}
  m_PrefabInternal: {fileID: 350093494}
  m_GameObject: {fileID: 1188877550}
  m_LocalRotation: {x: 0, y: 0, z: 0, w: 1}
  m_LocalPosition: {x: 0, y: 0, z: 0}
  m_LocalScale: {x: 1, y: 1, z: 1}
  m_LocalEulerAnglesHint: {x: 0, y: 0, z: 0}
  m_Children: []
  m_Father: {fileID: 1905657487}
  m_RootOrder: 6
  m_AnchorMin: {x: 0.5, y: 0.5}
  m_AnchorMax: {x: 0.5, y: 0.5}
  m_AnchoredPosition: {x: -270, y: 83.30005}
  m_SizeDelta: {x: 160, y: 30}
  m_Pivot: {x: 0.5, y: 0.5}
--- !u!114 &1188877552
MonoBehaviour:
  m_ObjectHideFlags: 0
  m_PrefabParentObject: {fileID: 11405612, guid: 67249a792f444fc4db4d1e7b73a33c66,
    type: 2}
  m_PrefabInternal: {fileID: 350093494}
  m_GameObject: {fileID: 1188877550}
  m_Enabled: 1
  m_EditorHideFlags: 0
  m_Script: {fileID: 708705254, guid: f5f67c52d1564df4a8936ccd202a3bd8, type: 3}
  m_Name: 
  m_EditorClassIdentifier: 
  m_Material: {fileID: 0}
  m_Color: {r: 0.99607843, g: 0.99607843, b: 0.99607843, a: 1}
  m_RaycastTarget: 1
  m_OnCullStateChanged:
    m_PersistentCalls:
      m_Calls: []
    m_TypeName: UnityEngine.UI.MaskableGraphic+CullStateChangedEvent, UnityEngine.UI,
      Version=1.0.0.0, Culture=neutral, PublicKeyToken=null
  m_FontData:
    m_Font: {fileID: 10102, guid: 0000000000000000e000000000000000, type: 0}
    m_FontSize: 14
    m_FontStyle: 0
    m_BestFit: 0
    m_MinSize: 10
    m_MaxSize: 40
    m_Alignment: 4
    m_AlignByGeometry: 0
    m_RichText: 1
    m_HorizontalOverflow: 0
    m_VerticalOverflow: 0
    m_LineSpacing: 1
  m_Text: T I M E - L A P S E
--- !u!222 &1188877553
CanvasRenderer:
  m_ObjectHideFlags: 0
  m_PrefabParentObject: {fileID: 22205604, guid: 67249a792f444fc4db4d1e7b73a33c66,
    type: 2}
  m_PrefabInternal: {fileID: 350093494}
  m_GameObject: {fileID: 1188877550}
--- !u!1 &1288316263
GameObject:
  m_ObjectHideFlags: 0
  m_PrefabParentObject: {fileID: 105654, guid: 67249a792f444fc4db4d1e7b73a33c66, type: 2}
  m_PrefabInternal: {fileID: 350093494}
  serializedVersion: 4
  m_Component:
  - 224: {fileID: 1288316264}
  - 222: {fileID: 1288316266}
  - 114: {fileID: 1288316265}
  m_Layer: 5
  m_Name: Line
  m_TagString: Untagged
  m_Icon: {fileID: 0}
  m_NavMeshLayer: 0
  m_StaticEditorFlags: 0
  m_IsActive: 1
--- !u!224 &1288316264
RectTransform:
  m_ObjectHideFlags: 0
  m_PrefabParentObject: {fileID: 22405654, guid: 67249a792f444fc4db4d1e7b73a33c66,
    type: 2}
  m_PrefabInternal: {fileID: 350093494}
  m_GameObject: {fileID: 1288316263}
  m_LocalRotation: {x: 0, y: 0, z: 0, w: 1}
  m_LocalPosition: {x: 0, y: 0, z: 0}
  m_LocalScale: {x: 1, y: 1, z: 1}
  m_LocalEulerAnglesHint: {x: 0, y: 0, z: 0}
  m_Children: []
  m_Father: {fileID: 1480814849}
  m_RootOrder: 3
  m_AnchorMin: {x: 0.5, y: 0.5}
  m_AnchorMax: {x: 0.5, y: 0.5}
  m_AnchoredPosition: {x: 71.00244, y: -91.8}
  m_SizeDelta: {x: 640.01, y: 1}
  m_Pivot: {x: 0.5, y: 0.5}
--- !u!114 &1288316265
MonoBehaviour:
  m_ObjectHideFlags: 0
  m_PrefabParentObject: {fileID: 11405672, guid: 67249a792f444fc4db4d1e7b73a33c66,
    type: 2}
  m_PrefabInternal: {fileID: 350093494}
  m_GameObject: {fileID: 1288316263}
  m_Enabled: 1
  m_EditorHideFlags: 0
  m_Script: {fileID: -765806418, guid: f5f67c52d1564df4a8936ccd202a3bd8, type: 3}
  m_Name: 
  m_EditorClassIdentifier: 
  m_Material: {fileID: 0}
  m_Color: {r: 1, g: 1, b: 1, a: 1}
  m_RaycastTarget: 1
  m_OnCullStateChanged:
    m_PersistentCalls:
      m_Calls: []
    m_TypeName: UnityEngine.UI.MaskableGraphic+CullStateChangedEvent, UnityEngine.UI,
      Version=1.0.0.0, Culture=neutral, PublicKeyToken=null
  m_Sprite: {fileID: 21300000, guid: 7ed1238760b863f4aafde32ab3a6f28c, type: 3}
  m_Type: 1
  m_PreserveAspect: 0
  m_FillCenter: 1
  m_FillMethod: 4
  m_FillAmount: 1
  m_FillClockwise: 1
  m_FillOrigin: 0
--- !u!222 &1288316266
CanvasRenderer:
  m_ObjectHideFlags: 0
  m_PrefabParentObject: {fileID: 22205654, guid: 67249a792f444fc4db4d1e7b73a33c66,
    type: 2}
  m_PrefabInternal: {fileID: 350093494}
  m_GameObject: {fileID: 1288316263}
--- !u!1 &1399556141
GameObject:
  m_ObjectHideFlags: 0
  m_PrefabParentObject: {fileID: 105634, guid: 67249a792f444fc4db4d1e7b73a33c66, type: 2}
  m_PrefabInternal: {fileID: 350093494}
  serializedVersion: 4
  m_Component:
  - 224: {fileID: 1399556142}
  - 222: {fileID: 1399556144}
  - 114: {fileID: 1399556143}
  m_Layer: 5
  m_Name: Text
  m_TagString: Untagged
  m_Icon: {fileID: 0}
  m_NavMeshLayer: 0
  m_StaticEditorFlags: 0
  m_IsActive: 1
--- !u!224 &1399556142
RectTransform:
  m_ObjectHideFlags: 0
  m_PrefabParentObject: {fileID: 22405634, guid: 67249a792f444fc4db4d1e7b73a33c66,
    type: 2}
  m_PrefabInternal: {fileID: 350093494}
  m_GameObject: {fileID: 1399556141}
  m_LocalRotation: {x: 0, y: 0, z: 0, w: 1}
  m_LocalPosition: {x: 0, y: 0, z: 0}
  m_LocalScale: {x: 1, y: 1, z: 1}
  m_LocalEulerAnglesHint: {x: 0, y: 0, z: 0}
  m_Children: []
  m_Father: {fileID: 1905657487}
  m_RootOrder: 4
  m_AnchorMin: {x: 0.5, y: 0.5}
  m_AnchorMax: {x: 0.5, y: 0.5}
  m_AnchoredPosition: {x: -130, y: 83.3}
  m_SizeDelta: {x: 160, y: 30}
  m_Pivot: {x: 0.5, y: 0.5}
--- !u!114 &1399556143
MonoBehaviour:
  m_ObjectHideFlags: 0
  m_PrefabParentObject: {fileID: 11405648, guid: 67249a792f444fc4db4d1e7b73a33c66,
    type: 2}
  m_PrefabInternal: {fileID: 350093494}
  m_GameObject: {fileID: 1399556141}
  m_Enabled: 1
  m_EditorHideFlags: 0
  m_Script: {fileID: 708705254, guid: f5f67c52d1564df4a8936ccd202a3bd8, type: 3}
  m_Name: 
  m_EditorClassIdentifier: 
  m_Material: {fileID: 0}
  m_Color: {r: 0.99607843, g: 0.99607843, b: 0.99607843, a: 1}
  m_RaycastTarget: 1
  m_OnCullStateChanged:
    m_PersistentCalls:
      m_Calls: []
    m_TypeName: UnityEngine.UI.MaskableGraphic+CullStateChangedEvent, UnityEngine.UI,
      Version=1.0.0.0, Culture=neutral, PublicKeyToken=null
  m_FontData:
    m_Font: {fileID: 10102, guid: 0000000000000000e000000000000000, type: 0}
    m_FontSize: 14
    m_FontStyle: 0
    m_BestFit: 0
    m_MinSize: 10
    m_MaxSize: 40
    m_Alignment: 4
    m_AlignByGeometry: 0
    m_RichText: 1
    m_HorizontalOverflow: 0
    m_VerticalOverflow: 0
    m_LineSpacing: 1
  m_Text: V I D E O
--- !u!222 &1399556144
CanvasRenderer:
  m_ObjectHideFlags: 0
  m_PrefabParentObject: {fileID: 22205634, guid: 67249a792f444fc4db4d1e7b73a33c66,
    type: 2}
  m_PrefabInternal: {fileID: 350093494}
  m_GameObject: {fileID: 1399556141}
--- !u!1 &1468882651
GameObject:
  m_ObjectHideFlags: 0
  m_PrefabParentObject: {fileID: 105636, guid: 67249a792f444fc4db4d1e7b73a33c66, type: 2}
  m_PrefabInternal: {fileID: 350093494}
  serializedVersion: 4
  m_Component:
  - 224: {fileID: 1468882652}
  - 222: {fileID: 1468882654}
  - 114: {fileID: 1468882653}
  m_Layer: 5
  m_Name: Line
  m_TagString: Untagged
  m_Icon: {fileID: 0}
  m_NavMeshLayer: 0
  m_StaticEditorFlags: 0
  m_IsActive: 1
--- !u!224 &1468882652
RectTransform:
  m_ObjectHideFlags: 0
  m_PrefabParentObject: {fileID: 22405636, guid: 67249a792f444fc4db4d1e7b73a33c66,
    type: 2}
  m_PrefabInternal: {fileID: 350093494}
  m_GameObject: {fileID: 1468882651}
  m_LocalRotation: {x: 0, y: 0, z: 0, w: 1}
  m_LocalPosition: {x: 0, y: 0, z: 0}
  m_LocalScale: {x: 1, y: 1, z: 1}
  m_LocalEulerAnglesHint: {x: 0, y: 0, z: 0}
  m_Children: []
  m_Father: {fileID: 1480814849}
  m_RootOrder: 2
  m_AnchorMin: {x: 0.5, y: 0.5}
  m_AnchorMax: {x: 0.5, y: 0.5}
  m_AnchoredPosition: {x: 71.00246, y: 143.66}
  m_SizeDelta: {x: 640.01, y: 1}
  m_Pivot: {x: 0.5, y: 0.5}
--- !u!114 &1468882653
MonoBehaviour:
  m_ObjectHideFlags: 0
  m_PrefabParentObject: {fileID: 11405650, guid: 67249a792f444fc4db4d1e7b73a33c66,
    type: 2}
  m_PrefabInternal: {fileID: 350093494}
  m_GameObject: {fileID: 1468882651}
  m_Enabled: 1
  m_EditorHideFlags: 0
  m_Script: {fileID: -765806418, guid: f5f67c52d1564df4a8936ccd202a3bd8, type: 3}
  m_Name: 
  m_EditorClassIdentifier: 
  m_Material: {fileID: 0}
  m_Color: {r: 1, g: 1, b: 1, a: 1}
  m_RaycastTarget: 1
  m_OnCullStateChanged:
    m_PersistentCalls:
      m_Calls: []
    m_TypeName: UnityEngine.UI.MaskableGraphic+CullStateChangedEvent, UnityEngine.UI,
      Version=1.0.0.0, Culture=neutral, PublicKeyToken=null
  m_Sprite: {fileID: 21300000, guid: 7ed1238760b863f4aafde32ab3a6f28c, type: 3}
  m_Type: 1
  m_PreserveAspect: 0
  m_FillCenter: 1
  m_FillMethod: 4
  m_FillAmount: 1
  m_FillClockwise: 1
  m_FillOrigin: 0
--- !u!222 &1468882654
CanvasRenderer:
  m_ObjectHideFlags: 0
  m_PrefabParentObject: {fileID: 22205636, guid: 67249a792f444fc4db4d1e7b73a33c66,
    type: 2}
  m_PrefabInternal: {fileID: 350093494}
  m_GameObject: {fileID: 1468882651}
--- !u!1 &1480814848
GameObject:
  m_ObjectHideFlags: 0
  m_PrefabParentObject: {fileID: 105652, guid: 67249a792f444fc4db4d1e7b73a33c66, type: 2}
  m_PrefabInternal: {fileID: 350093494}
  serializedVersion: 4
  m_Component:
  - 224: {fileID: 1480814849}
  - 222: {fileID: 1480814851}
  - 114: {fileID: 1480814850}
  m_Layer: 5
  m_Name: Image
  m_TagString: Untagged
  m_Icon: {fileID: 0}
  m_NavMeshLayer: 0
  m_StaticEditorFlags: 0
  m_IsActive: 1
--- !u!224 &1480814849
RectTransform:
  m_ObjectHideFlags: 0
  m_PrefabParentObject: {fileID: 22405652, guid: 67249a792f444fc4db4d1e7b73a33c66,
    type: 2}
  m_PrefabInternal: {fileID: 350093494}
  m_GameObject: {fileID: 1480814848}
  m_LocalRotation: {x: 0, y: 0, z: 0, w: 1}
  m_LocalPosition: {x: 0, y: 0, z: 0}
  m_LocalScale: {x: 1, y: 1, z: 1}
  m_LocalEulerAnglesHint: {x: 0, y: 0, z: 0}
  m_Children:
  - {fileID: 1161790942}
  - {fileID: 1522480745}
  - {fileID: 1468882652}
  - {fileID: 1288316264}
  m_Father: {fileID: 1703253846}
  m_RootOrder: 0
  m_AnchorMin: {x: 0.5, y: 0.5}
  m_AnchorMax: {x: 0.5, y: 0.5}
  m_AnchoredPosition: {x: -71, y: 31.5}
  m_SizeDelta: {x: 1384, y: 931}
  m_Pivot: {x: 0.5, y: 0.5}
--- !u!114 &1480814850
MonoBehaviour:
  m_ObjectHideFlags: 0
  m_PrefabParentObject: {fileID: 11405670, guid: 67249a792f444fc4db4d1e7b73a33c66,
    type: 2}
  m_PrefabInternal: {fileID: 350093494}
  m_GameObject: {fileID: 1480814848}
  m_Enabled: 1
  m_EditorHideFlags: 0
  m_Script: {fileID: -765806418, guid: f5f67c52d1564df4a8936ccd202a3bd8, type: 3}
  m_Name: 
  m_EditorClassIdentifier: 
  m_Material: {fileID: 0}
  m_Color: {r: 1, g: 1, b: 1, a: 1}
  m_RaycastTarget: 1
  m_OnCullStateChanged:
    m_PersistentCalls:
      m_Calls: []
    m_TypeName: UnityEngine.UI.MaskableGraphic+CullStateChangedEvent, UnityEngine.UI,
      Version=1.0.0.0, Culture=neutral, PublicKeyToken=null
  m_Sprite: {fileID: 21300000, guid: fb8f771b6ed6a07498558e646ceee548, type: 3}
  m_Type: 0
  m_PreserveAspect: 1
  m_FillCenter: 1
  m_FillMethod: 4
  m_FillAmount: 1
  m_FillClockwise: 1
  m_FillOrigin: 0
--- !u!222 &1480814851
CanvasRenderer:
  m_ObjectHideFlags: 0
  m_PrefabParentObject: {fileID: 22205652, guid: 67249a792f444fc4db4d1e7b73a33c66,
    type: 2}
  m_PrefabInternal: {fileID: 350093494}
  m_GameObject: {fileID: 1480814848}
--- !u!1 &1500371475
GameObject:
  m_ObjectHideFlags: 0
  m_PrefabParentObject: {fileID: 0}
  m_PrefabInternal: {fileID: 0}
  serializedVersion: 4
  m_Component:
  - 4: {fileID: 1500371479}
  - 114: {fileID: 1500371478}
  - 114: {fileID: 1500371477}
  - 114: {fileID: 1500371476}
  m_Layer: 0
  m_Name: EventSystem
  m_TagString: Untagged
  m_Icon: {fileID: 0}
  m_NavMeshLayer: 0
  m_StaticEditorFlags: 0
  m_IsActive: 1
--- !u!114 &1500371476
MonoBehaviour:
  m_ObjectHideFlags: 0
  m_PrefabParentObject: {fileID: 0}
  m_PrefabInternal: {fileID: 0}
  m_GameObject: {fileID: 1500371475}
  m_Enabled: 1
  m_EditorHideFlags: 0
  m_Script: {fileID: 1997211142, guid: f5f67c52d1564df4a8936ccd202a3bd8, type: 3}
  m_Name: 
  m_EditorClassIdentifier: 
  m_ForceModuleActive: 0
--- !u!114 &1500371477
MonoBehaviour:
  m_ObjectHideFlags: 0
  m_PrefabParentObject: {fileID: 0}
  m_PrefabInternal: {fileID: 0}
  m_GameObject: {fileID: 1500371475}
  m_Enabled: 1
  m_EditorHideFlags: 0
  m_Script: {fileID: 1077351063, guid: f5f67c52d1564df4a8936ccd202a3bd8, type: 3}
  m_Name: 
  m_EditorClassIdentifier: 
  m_HorizontalAxis: Horizontal
  m_VerticalAxis: Vertical
  m_SubmitButton: Submit
  m_CancelButton: Cancel
  m_InputActionsPerSecond: 10
  m_RepeatDelay: 0.5
  m_ForceModuleActive: 0
--- !u!114 &1500371478
MonoBehaviour:
  m_ObjectHideFlags: 0
  m_PrefabParentObject: {fileID: 0}
  m_PrefabInternal: {fileID: 0}
  m_GameObject: {fileID: 1500371475}
  m_Enabled: 1
  m_EditorHideFlags: 0
  m_Script: {fileID: -619905303, guid: f5f67c52d1564df4a8936ccd202a3bd8, type: 3}
  m_Name: 
  m_EditorClassIdentifier: 
  m_FirstSelected: {fileID: 0}
  m_sendNavigationEvents: 1
  m_DragThreshold: 5
--- !u!4 &1500371479
Transform:
  m_ObjectHideFlags: 0
  m_PrefabParentObject: {fileID: 0}
  m_PrefabInternal: {fileID: 0}
  m_GameObject: {fileID: 1500371475}
  m_LocalRotation: {x: 0, y: 0, z: 0, w: 1}
  m_LocalPosition: {x: 0, y: 0, z: 0}
  m_LocalScale: {x: 1, y: 1, z: 1}
  m_LocalEulerAnglesHint: {x: 0, y: 0, z: 0}
  m_Children: []
  m_Father: {fileID: 0}
  m_RootOrder: 1
--- !u!1 &1511305452
GameObject:
  m_ObjectHideFlags: 0
  m_PrefabParentObject: {fileID: 0}
  m_PrefabInternal: {fileID: 0}
  serializedVersion: 4
  m_Component:
  - 4: {fileID: 1511305453}
  m_Layer: 0
  m_Name: __SET_YOUR_GAMESCREEN_TO_640x1136
  m_TagString: Untagged
  m_Icon: {fileID: 0}
  m_NavMeshLayer: 0
  m_StaticEditorFlags: 0
  m_IsActive: 1
--- !u!4 &1511305453
Transform:
  m_ObjectHideFlags: 0
  m_PrefabParentObject: {fileID: 0}
  m_PrefabInternal: {fileID: 0}
  m_GameObject: {fileID: 1511305452}
  m_LocalRotation: {x: 0, y: 0, z: 0, w: 1}
  m_LocalPosition: {x: 494.995, y: 627.74, z: 0}
  m_LocalScale: {x: 1, y: 1, z: 1}
  m_LocalEulerAnglesHint: {x: 0, y: 0, z: 0}
  m_Children: []
  m_Father: {fileID: 0}
  m_RootOrder: 2
--- !u!1 &1522480744
GameObject:
  m_ObjectHideFlags: 0
  m_PrefabParentObject: {fileID: 105614, guid: 67249a792f444fc4db4d1e7b73a33c66, type: 2}
  m_PrefabInternal: {fileID: 350093494}
  serializedVersion: 4
  m_Component:
  - 224: {fileID: 1522480745}
  - 222: {fileID: 1522480747}
  - 114: {fileID: 1522480746}
  m_Layer: 5
  m_Name: Line
  m_TagString: Untagged
  m_Icon: {fileID: 0}
  m_NavMeshLayer: 0
  m_StaticEditorFlags: 0
  m_IsActive: 1
--- !u!224 &1522480745
RectTransform:
  m_ObjectHideFlags: 0
  m_PrefabParentObject: {fileID: 22405614, guid: 67249a792f444fc4db4d1e7b73a33c66,
    type: 2}
  m_PrefabInternal: {fileID: 350093494}
  m_GameObject: {fileID: 1522480744}
  m_LocalRotation: {x: 0, y: 0, z: 0, w: 1}
  m_LocalPosition: {x: 0, y: 0, z: 0}
  m_LocalScale: {x: 1, y: 1, z: 1}
  m_LocalEulerAnglesHint: {x: 0, y: 0, z: 0}
  m_Children: []
  m_Father: {fileID: 1480814849}
  m_RootOrder: 1
  m_AnchorMin: {x: 0.5, y: 0.5}
  m_AnchorMax: {x: 0.5, y: 0.5}
  m_AnchoredPosition: {x: -69, y: 26.5}
  m_SizeDelta: {x: 1, y: 819}
  m_Pivot: {x: 0.5, y: 0.5}
--- !u!114 &1522480746
MonoBehaviour:
  m_ObjectHideFlags: 0
  m_PrefabParentObject: {fileID: 11405624, guid: 67249a792f444fc4db4d1e7b73a33c66,
    type: 2}
  m_PrefabInternal: {fileID: 350093494}
  m_GameObject: {fileID: 1522480744}
  m_Enabled: 1
  m_EditorHideFlags: 0
  m_Script: {fileID: -765806418, guid: f5f67c52d1564df4a8936ccd202a3bd8, type: 3}
  m_Name: 
  m_EditorClassIdentifier: 
  m_Material: {fileID: 0}
  m_Color: {r: 1, g: 1, b: 1, a: 1}
  m_RaycastTarget: 1
  m_OnCullStateChanged:
    m_PersistentCalls:
      m_Calls: []
    m_TypeName: UnityEngine.UI.MaskableGraphic+CullStateChangedEvent, UnityEngine.UI,
      Version=1.0.0.0, Culture=neutral, PublicKeyToken=null
  m_Sprite: {fileID: 21300000, guid: 7ed1238760b863f4aafde32ab3a6f28c, type: 3}
  m_Type: 1
  m_PreserveAspect: 0
  m_FillCenter: 1
  m_FillMethod: 4
  m_FillAmount: 1
  m_FillClockwise: 1
  m_FillOrigin: 0
--- !u!222 &1522480747
CanvasRenderer:
  m_ObjectHideFlags: 0
  m_PrefabParentObject: {fileID: 22205614, guid: 67249a792f444fc4db4d1e7b73a33c66,
    type: 2}
  m_PrefabInternal: {fileID: 350093494}
  m_GameObject: {fileID: 1522480744}
--- !u!1 &1560757403
GameObject:
  m_ObjectHideFlags: 0
  m_PrefabParentObject: {fileID: 105640, guid: 67249a792f444fc4db4d1e7b73a33c66, type: 2}
  m_PrefabInternal: {fileID: 350093494}
  serializedVersion: 4
  m_Component:
  - 224: {fileID: 1560757404}
  - 222: {fileID: 1560757406}
  - 114: {fileID: 1560757405}
  m_Layer: 5
  m_Name: Icon
  m_TagString: Untagged
  m_Icon: {fileID: 0}
  m_NavMeshLayer: 0
  m_StaticEditorFlags: 0
  m_IsActive: 1
--- !u!224 &1560757404
RectTransform:
  m_ObjectHideFlags: 0
  m_PrefabParentObject: {fileID: 22405640, guid: 67249a792f444fc4db4d1e7b73a33c66,
    type: 2}
  m_PrefabInternal: {fileID: 350093494}
  m_GameObject: {fileID: 1560757403}
  m_LocalRotation: {x: 0, y: 0, z: 0, w: 1}
  m_LocalPosition: {x: 0, y: 0, z: 0}
  m_LocalScale: {x: 1, y: 1, z: 1}
  m_LocalEulerAnglesHint: {x: 0, y: 0, z: 0}
  m_Children: []
  m_Father: {fileID: 805749202}
  m_RootOrder: 0
  m_AnchorMin: {x: 0.5, y: 0.5}
  m_AnchorMax: {x: 0.5, y: 0.5}
  m_AnchoredPosition: {x: -17, y: -23.5}
  m_SizeDelta: {x: 45, y: 44}
  m_Pivot: {x: 0.5, y: 0.5}
--- !u!114 &1560757405
MonoBehaviour:
  m_ObjectHideFlags: 0
  m_PrefabParentObject: {fileID: 11405654, guid: 67249a792f444fc4db4d1e7b73a33c66,
    type: 2}
  m_PrefabInternal: {fileID: 350093494}
  m_GameObject: {fileID: 1560757403}
  m_Enabled: 1
  m_EditorHideFlags: 0
  m_Script: {fileID: -765806418, guid: f5f67c52d1564df4a8936ccd202a3bd8, type: 3}
  m_Name: 
  m_EditorClassIdentifier: 
  m_Material: {fileID: 0}
  m_Color: {r: 0.9647059, g: 0.9647059, b: 0.9647059, a: 0.31764707}
  m_RaycastTarget: 1
  m_OnCullStateChanged:
    m_PersistentCalls:
      m_Calls: []
    m_TypeName: UnityEngine.UI.MaskableGraphic+CullStateChangedEvent, UnityEngine.UI,
      Version=1.0.0.0, Culture=neutral, PublicKeyToken=null
  m_Sprite: {fileID: 21300000, guid: f04f7faa5cfd8444a9b61e426135725f, type: 3}
  m_Type: 0
  m_PreserveAspect: 0
  m_FillCenter: 1
  m_FillMethod: 4
  m_FillAmount: 1
  m_FillClockwise: 1
  m_FillOrigin: 0
--- !u!222 &1560757406
CanvasRenderer:
  m_ObjectHideFlags: 0
  m_PrefabParentObject: {fileID: 22205640, guid: 67249a792f444fc4db4d1e7b73a33c66,
    type: 2}
  m_PrefabInternal: {fileID: 350093494}
  m_GameObject: {fileID: 1560757403}
--- !u!1 &1703253845
GameObject:
  m_ObjectHideFlags: 0
  m_PrefabParentObject: {fileID: 105644, guid: 67249a792f444fc4db4d1e7b73a33c66, type: 2}
  m_PrefabInternal: {fileID: 350093494}
  serializedVersion: 4
  m_Component:
  - 224: {fileID: 1703253846}
  - 222: {fileID: 1703253849}
  - 114: {fileID: 1703253848}
  - 114: {fileID: 1703253847}
  m_Layer: 5
  m_Name: Content
  m_TagString: Untagged
  m_Icon: {fileID: 0}
  m_NavMeshLayer: 0
  m_StaticEditorFlags: 0
  m_IsActive: 1
--- !u!224 &1703253846
RectTransform:
  m_ObjectHideFlags: 0
  m_PrefabParentObject: {fileID: 22405644, guid: 67249a792f444fc4db4d1e7b73a33c66,
    type: 2}
  m_PrefabInternal: {fileID: 350093494}
  m_GameObject: {fileID: 1703253845}
  m_LocalRotation: {x: 0, y: 0, z: 0, w: 1}
  m_LocalPosition: {x: 0, y: 0, z: 0}
  m_LocalScale: {x: 1, y: 1, z: 1}
  m_LocalEulerAnglesHint: {x: 0, y: 0, z: 0}
  m_Children:
  - {fileID: 1480814849}
  - {fileID: 400625606}
  - {fileID: 848710099}
  - {fileID: 1905657487}
  m_Father: {fileID: 738717386}
  m_RootOrder: 1
  m_AnchorMin: {x: 0.5, y: 0.5}
  m_AnchorMax: {x: 0.5, y: 0.5}
  m_AnchoredPosition: {x: 0, y: 0}
  m_SizeDelta: {x: 640, y: 1136}
  m_Pivot: {x: 0.5, y: 0.5}
--- !u!114 &1703253847
MonoBehaviour:
  m_ObjectHideFlags: 0
  m_PrefabParentObject: {fileID: 11405658, guid: 67249a792f444fc4db4d1e7b73a33c66,
    type: 2}
  m_PrefabInternal: {fileID: 350093494}
  m_GameObject: {fileID: 1703253845}
  m_Enabled: 1
  m_EditorHideFlags: 0
  m_Script: {fileID: -1200242548, guid: f5f67c52d1564df4a8936ccd202a3bd8, type: 3}
  m_Name: 
  m_EditorClassIdentifier: 
  m_ShowMaskGraphic: 1
--- !u!114 &1703253848
MonoBehaviour:
  m_ObjectHideFlags: 0
  m_PrefabParentObject: {fileID: 11405660, guid: 67249a792f444fc4db4d1e7b73a33c66,
    type: 2}
  m_PrefabInternal: {fileID: 350093494}
  m_GameObject: {fileID: 1703253845}
  m_Enabled: 1
  m_EditorHideFlags: 0
  m_Script: {fileID: -765806418, guid: f5f67c52d1564df4a8936ccd202a3bd8, type: 3}
  m_Name: 
  m_EditorClassIdentifier: 
  m_Material: {fileID: 0}
  m_Color: {r: 0.13333334, g: 0.13725491, b: 0.14509805, a: 1}
  m_RaycastTarget: 1
  m_OnCullStateChanged:
    m_PersistentCalls:
      m_Calls: []
    m_TypeName: UnityEngine.UI.MaskableGraphic+CullStateChangedEvent, UnityEngine.UI,
      Version=1.0.0.0, Culture=neutral, PublicKeyToken=null
  m_Sprite: {fileID: 21300000, guid: 7ed1238760b863f4aafde32ab3a6f28c, type: 3}
  m_Type: 1
  m_PreserveAspect: 0
  m_FillCenter: 1
  m_FillMethod: 4
  m_FillAmount: 1
  m_FillClockwise: 1
  m_FillOrigin: 0
--- !u!222 &1703253849
CanvasRenderer:
  m_ObjectHideFlags: 0
  m_PrefabParentObject: {fileID: 22205644, guid: 67249a792f444fc4db4d1e7b73a33c66,
    type: 2}
  m_PrefabInternal: {fileID: 350093494}
  m_GameObject: {fileID: 1703253845}
--- !u!1 &1826448645
GameObject:
  m_ObjectHideFlags: 0
  m_PrefabParentObject: {fileID: 105592, guid: 67249a792f444fc4db4d1e7b73a33c66, type: 2}
  m_PrefabInternal: {fileID: 350093494}
  serializedVersion: 4
  m_Component:
  - 224: {fileID: 1826448646}
  - 222: {fileID: 1826448648}
  - 114: {fileID: 1826448647}
  m_Layer: 5
  m_Name: Text
  m_TagString: Untagged
  m_Icon: {fileID: 0}
  m_NavMeshLayer: 0
  m_StaticEditorFlags: 0
  m_IsActive: 1
--- !u!224 &1826448646
RectTransform:
  m_ObjectHideFlags: 0
  m_PrefabParentObject: {fileID: 22405592, guid: 67249a792f444fc4db4d1e7b73a33c66,
    type: 2}
  m_PrefabInternal: {fileID: 350093494}
  m_GameObject: {fileID: 1826448645}
  m_LocalRotation: {x: 0, y: 0, z: 0, w: 1}
  m_LocalPosition: {x: 0, y: 0, z: 0}
  m_LocalScale: {x: 1, y: -1, z: 1}
  m_LocalEulerAnglesHint: {x: 0, y: 0, z: 0}
  m_Children: []
  m_Father: {fileID: 2092230791}
  m_RootOrder: 0
  m_AnchorMin: {x: 0.5, y: 0.5}
  m_AnchorMax: {x: 0.5, y: 0.5}
  m_AnchoredPosition: {x: 42.8, y: 0}
  m_SizeDelta: {x: 39.8, y: 40}
  m_Pivot: {x: 0.5, y: 0.5}
--- !u!114 &1826448647
MonoBehaviour:
  m_ObjectHideFlags: 0
  m_PrefabParentObject: {fileID: 11405598, guid: 67249a792f444fc4db4d1e7b73a33c66,
    type: 2}
  m_PrefabInternal: {fileID: 350093494}
  m_GameObject: {fileID: 1826448645}
  m_Enabled: 1
  m_EditorHideFlags: 0
  m_Script: {fileID: 708705254, guid: f5f67c52d1564df4a8936ccd202a3bd8, type: 3}
  m_Name: 
  m_EditorClassIdentifier: 
  m_Material: {fileID: 0}
  m_Color: {r: 1, g: 1, b: 1, a: 1}
  m_RaycastTarget: 1
  m_OnCullStateChanged:
    m_PersistentCalls:
      m_Calls: []
    m_TypeName: UnityEngine.UI.MaskableGraphic+CullStateChangedEvent, UnityEngine.UI,
      Version=1.0.0.0, Culture=neutral, PublicKeyToken=null
  m_FontData:
    m_Font: {fileID: 12800000, guid: bd1ea67ca2b5742d1a24fcbdc17c55e1, type: 3}
    m_FontSize: 18
    m_FontStyle: 0
    m_BestFit: 0
    m_MinSize: 10
    m_MaxSize: 40
    m_Alignment: 3
    m_AlignByGeometry: 0
    m_RichText: 1
    m_HorizontalOverflow: 0
    m_VerticalOverflow: 0
    m_LineSpacing: 1
  m_Text: Off
--- !u!222 &1826448648
CanvasRenderer:
  m_ObjectHideFlags: 0
  m_PrefabParentObject: {fileID: 22205592, guid: 67249a792f444fc4db4d1e7b73a33c66,
    type: 2}
  m_PrefabInternal: {fileID: 350093494}
  m_GameObject: {fileID: 1826448645}
--- !u!1 &1905657486
GameObject:
  m_ObjectHideFlags: 0
  m_PrefabParentObject: {fileID: 105638, guid: 67249a792f444fc4db4d1e7b73a33c66, type: 2}
  m_PrefabInternal: {fileID: 350093494}
  serializedVersion: 4
  m_Component:
  - 224: {fileID: 1905657487}
  - 222: {fileID: 1905657489}
  - 114: {fileID: 1905657488}
  m_Layer: 5
  m_Name: BottomPanel
  m_TagString: Untagged
  m_Icon: {fileID: 0}
  m_NavMeshLayer: 0
  m_StaticEditorFlags: 0
  m_IsActive: 1
--- !u!224 &1905657487
RectTransform:
  m_ObjectHideFlags: 0
  m_PrefabParentObject: {fileID: 22405638, guid: 67249a792f444fc4db4d1e7b73a33c66,
    type: 2}
  m_PrefabInternal: {fileID: 350093494}
  m_GameObject: {fileID: 1905657486}
  m_LocalRotation: {x: 0, y: 0, z: 0, w: 1}
  m_LocalPosition: {x: 0, y: 0, z: 0}
  m_LocalScale: {x: 1, y: 1, z: 1}
  m_LocalEulerAnglesHint: {x: 0, y: 0, z: 0}
  m_Children:
  - {fileID: 382905172}
  - {fileID: 805749202}
  - {fileID: 593358299}
  - {fileID: 633461185}
  - {fileID: 1399556142}
  - {fileID: 1082734400}
  - {fileID: 1188877551}
  - {fileID: 423224267}
  m_Father: {fileID: 1703253846}
  m_RootOrder: 3
  m_AnchorMin: {x: 0.5, y: 0.5}
  m_AnchorMax: {x: 0.5, y: 0.5}
  m_AnchoredPosition: {x: 0, y: -460}
  m_SizeDelta: {x: 640, y: 217}
  m_Pivot: {x: 0.5, y: 0.5}
--- !u!114 &1905657488
MonoBehaviour:
  m_ObjectHideFlags: 0
  m_PrefabParentObject: {fileID: 11405652, guid: 67249a792f444fc4db4d1e7b73a33c66,
    type: 2}
  m_PrefabInternal: {fileID: 350093494}
  m_GameObject: {fileID: 1905657486}
  m_Enabled: 1
  m_EditorHideFlags: 0
  m_Script: {fileID: -765806418, guid: f5f67c52d1564df4a8936ccd202a3bd8, type: 3}
  m_Name: 
  m_EditorClassIdentifier: 
  m_Material: {fileID: 0}
  m_Color: {r: 0.08088237, g: 0.08088237, b: 0.08088237, a: 1}
  m_RaycastTarget: 1
  m_OnCullStateChanged:
    m_PersistentCalls:
      m_Calls: []
    m_TypeName: UnityEngine.UI.MaskableGraphic+CullStateChangedEvent, UnityEngine.UI,
      Version=1.0.0.0, Culture=neutral, PublicKeyToken=null
  m_Sprite: {fileID: 21300000, guid: 7ed1238760b863f4aafde32ab3a6f28c, type: 3}
  m_Type: 1
  m_PreserveAspect: 0
  m_FillCenter: 1
  m_FillMethod: 4
  m_FillAmount: 1
  m_FillClockwise: 1
  m_FillOrigin: 0
--- !u!222 &1905657489
CanvasRenderer:
  m_ObjectHideFlags: 0
  m_PrefabParentObject: {fileID: 22205638, guid: 67249a792f444fc4db4d1e7b73a33c66,
    type: 2}
  m_PrefabInternal: {fileID: 350093494}
  m_GameObject: {fileID: 1905657486}
--- !u!1 &1982045254
GameObject:
  m_ObjectHideFlags: 0
  m_PrefabParentObject: {fileID: 105648, guid: 67249a792f444fc4db4d1e7b73a33c66, type: 2}
  m_PrefabInternal: {fileID: 350093494}
  serializedVersion: 4
  m_Component:
  - 224: {fileID: 1982045255}
  - 222: {fileID: 1982045257}
  - 114: {fileID: 1982045256}
  m_Layer: 5
  m_Name: Icon
  m_TagString: Untagged
  m_Icon: {fileID: 0}
  m_NavMeshLayer: 0
  m_StaticEditorFlags: 0
  m_IsActive: 1
--- !u!224 &1982045255
RectTransform:
  m_ObjectHideFlags: 0
  m_PrefabParentObject: {fileID: 22405648, guid: 67249a792f444fc4db4d1e7b73a33c66,
    type: 2}
  m_PrefabInternal: {fileID: 350093494}
  m_GameObject: {fileID: 1982045254}
  m_LocalRotation: {x: 0, y: 0, z: 0, w: 1}
  m_LocalPosition: {x: 0, y: 0, z: 0}
  m_LocalScale: {x: 1, y: 1, z: 1}
  m_LocalEulerAnglesHint: {x: 0, y: 0, z: 0}
  m_Children: []
  m_Father: {fileID: 805749202}
  m_RootOrder: 1
  m_AnchorMin: {x: 0.5, y: 0.5}
  m_AnchorMax: {x: 0.5, y: 0.5}
  m_AnchoredPosition: {x: 17, y: -23.5}
  m_SizeDelta: {x: 45, y: 44}
  m_Pivot: {x: 0.5, y: 0.5}
--- !u!114 &1982045256
MonoBehaviour:
  m_ObjectHideFlags: 0
  m_PrefabParentObject: {fileID: 11405666, guid: 67249a792f444fc4db4d1e7b73a33c66,
    type: 2}
  m_PrefabInternal: {fileID: 350093494}
  m_GameObject: {fileID: 1982045254}
  m_Enabled: 1
  m_EditorHideFlags: 0
  m_Script: {fileID: -765806418, guid: f5f67c52d1564df4a8936ccd202a3bd8, type: 3}
  m_Name: 
  m_EditorClassIdentifier: 
  m_Material: {fileID: 0}
  m_Color: {r: 0.9647059, g: 0.9647059, b: 0.9647059, a: 0.7921569}
  m_RaycastTarget: 1
  m_OnCullStateChanged:
    m_PersistentCalls:
      m_Calls: []
    m_TypeName: UnityEngine.UI.MaskableGraphic+CullStateChangedEvent, UnityEngine.UI,
      Version=1.0.0.0, Culture=neutral, PublicKeyToken=null
  m_Sprite: {fileID: 21300000, guid: f04f7faa5cfd8444a9b61e426135725f, type: 3}
  m_Type: 0
  m_PreserveAspect: 0
  m_FillCenter: 1
  m_FillMethod: 4
  m_FillAmount: 1
  m_FillClockwise: 1
  m_FillOrigin: 0
--- !u!222 &1982045257
CanvasRenderer:
  m_ObjectHideFlags: 0
  m_PrefabParentObject: {fileID: 22205648, guid: 67249a792f444fc4db4d1e7b73a33c66,
    type: 2}
  m_PrefabInternal: {fileID: 350093494}
  m_GameObject: {fileID: 1982045254}
--- !u!1 &1998084388
GameObject:
  m_ObjectHideFlags: 0
  m_PrefabParentObject: {fileID: 105658, guid: 67249a792f444fc4db4d1e7b73a33c66, type: 2}
  m_PrefabInternal: {fileID: 350093494}
  serializedVersion: 4
  m_Component:
  - 224: {fileID: 1998084389}
  - 222: {fileID: 1998084391}
  - 114: {fileID: 1998084390}
  m_Layer: 5
  m_Name: Line
  m_TagString: Untagged
  m_Icon: {fileID: 0}
  m_NavMeshLayer: 0
  m_StaticEditorFlags: 0
  m_IsActive: 1
--- !u!224 &1998084389
RectTransform:
  m_ObjectHideFlags: 0
  m_PrefabParentObject: {fileID: 22405658, guid: 67249a792f444fc4db4d1e7b73a33c66,
    type: 2}
  m_PrefabInternal: {fileID: 350093494}
  m_GameObject: {fileID: 1998084388}
  m_LocalRotation: {x: 0, y: 0, z: 0.7071068, w: 0.7071068}
  m_LocalPosition: {x: 0, y: 0, z: 0}
  m_LocalScale: {x: 1, y: 1, z: 1}
  m_LocalEulerAnglesHint: {x: 0, y: 0, z: 0}
  m_Children: []
  m_Father: {fileID: 848710099}
  m_RootOrder: 3
  m_AnchorMin: {x: 0.5, y: 0.5}
  m_AnchorMax: {x: 0.5, y: 0.5}
  m_AnchoredPosition: {x: 0, y: -56}
  m_SizeDelta: {x: 9.9, y: 1}
  m_Pivot: {x: 0.5, y: 0.5}
--- !u!114 &1998084390
MonoBehaviour:
  m_ObjectHideFlags: 0
  m_PrefabParentObject: {fileID: 11405676, guid: 67249a792f444fc4db4d1e7b73a33c66,
    type: 2}
  m_PrefabInternal: {fileID: 350093494}
  m_GameObject: {fileID: 1998084388}
  m_Enabled: 1
  m_EditorHideFlags: 0
  m_Script: {fileID: -765806418, guid: f5f67c52d1564df4a8936ccd202a3bd8, type: 3}
  m_Name: 
  m_EditorClassIdentifier: 
  m_Material: {fileID: 0}
  m_Color: {r: 1, g: 1, b: 1, a: 1}
  m_RaycastTarget: 1
  m_OnCullStateChanged:
    m_PersistentCalls:
      m_Calls: []
    m_TypeName: UnityEngine.UI.MaskableGraphic+CullStateChangedEvent, UnityEngine.UI,
      Version=1.0.0.0, Culture=neutral, PublicKeyToken=null
  m_Sprite: {fileID: 21300000, guid: 7ed1238760b863f4aafde32ab3a6f28c, type: 3}
  m_Type: 1
  m_PreserveAspect: 0
  m_FillCenter: 1
  m_FillMethod: 4
  m_FillAmount: 1
  m_FillClockwise: 1
  m_FillOrigin: 0
--- !u!222 &1998084391
CanvasRenderer:
  m_ObjectHideFlags: 0
  m_PrefabParentObject: {fileID: 22205658, guid: 67249a792f444fc4db4d1e7b73a33c66,
    type: 2}
  m_PrefabInternal: {fileID: 350093494}
  m_GameObject: {fileID: 1998084388}
--- !u!1 &2087511579
GameObject:
  m_ObjectHideFlags: 0
  m_PrefabParentObject: {fileID: 105642, guid: 67249a792f444fc4db4d1e7b73a33c66, type: 2}
  m_PrefabInternal: {fileID: 350093494}
  serializedVersion: 4
  m_Component:
  - 224: {fileID: 2087511580}
  - 222: {fileID: 2087511583}
  - 114: {fileID: 2087511582}
  - 114: {fileID: 2087511581}
  m_Layer: 5
  m_Name: Text
  m_TagString: Untagged
  m_Icon: {fileID: 0}
  m_NavMeshLayer: 0
  m_StaticEditorFlags: 0
  m_IsActive: 1
--- !u!224 &2087511580
RectTransform:
  m_ObjectHideFlags: 0
  m_PrefabParentObject: {fileID: 22405642, guid: 67249a792f444fc4db4d1e7b73a33c66,
    type: 2}
  m_PrefabInternal: {fileID: 350093494}
  m_GameObject: {fileID: 2087511579}
  m_LocalRotation: {x: 0, y: 0, z: 0, w: 1}
  m_LocalPosition: {x: 0, y: 0, z: 0}
  m_LocalScale: {x: 1, y: 1, z: 1}
  m_LocalEulerAnglesHint: {x: 0, y: 0, z: 0}
  m_Children: []
  m_Father: {fileID: 400625606}
  m_RootOrder: 1
  m_AnchorMin: {x: 0.5, y: 0.5}
  m_AnchorMax: {x: 0.5, y: 0.5}
  m_AnchoredPosition: {x: -90, y: 0}
  m_SizeDelta: {x: 39.8, y: 40}
  m_Pivot: {x: 0.5, y: 0.5}
--- !u!114 &2087511581
MonoBehaviour:
  m_ObjectHideFlags: 0
  m_PrefabParentObject: {fileID: 11405592, guid: 67249a792f444fc4db4d1e7b73a33c66,
    type: 2}
  m_PrefabInternal: {fileID: 350093494}
  m_GameObject: {fileID: 2087511579}
  m_Enabled: 1
  m_EditorHideFlags: 0
  m_Script: {fileID: 1392445389, guid: f5f67c52d1564df4a8936ccd202a3bd8, type: 3}
  m_Name: 
  m_EditorClassIdentifier: 
  m_Navigation:
    m_Mode: 3
    m_SelectOnUp: {fileID: 0}
    m_SelectOnDown: {fileID: 0}
    m_SelectOnLeft: {fileID: 0}
    m_SelectOnRight: {fileID: 0}
  m_Transition: 1
  m_Colors:
    m_NormalColor: {r: 1, g: 1, b: 1, a: 1}
    m_HighlightedColor: {r: 0.9607843, g: 0.9607843, b: 0.9607843, a: 1}
    m_PressedColor: {r: 0.78431374, g: 0.78431374, b: 0.78431374, a: 1}
    m_DisabledColor: {r: 0.78431374, g: 0.78431374, b: 0.78431374, a: 0.5019608}
    m_ColorMultiplier: 1
    m_FadeDuration: 0.1
  m_SpriteState:
    m_HighlightedSprite: {fileID: 0}
    m_PressedSprite: {fileID: 0}
    m_DisabledSprite: {fileID: 0}
  m_AnimationTriggers:
    m_NormalTrigger: Normal
    m_HighlightedTrigger: Highlighted
    m_PressedTrigger: Pressed
    m_DisabledTrigger: Disabled
  m_Interactable: 1
  m_TargetGraphic: {fileID: 2087511582}
  m_OnClick:
    m_PersistentCalls:
      m_Calls: []
    m_TypeName: UnityEngine.UI.Button+ButtonClickedEvent, UnityEngine.UI, Version=1.0.0.0,
      Culture=neutral, PublicKeyToken=null
--- !u!114 &2087511582
MonoBehaviour:
  m_ObjectHideFlags: 0
  m_PrefabParentObject: {fileID: 11405656, guid: 67249a792f444fc4db4d1e7b73a33c66,
    type: 2}
  m_PrefabInternal: {fileID: 350093494}
  m_GameObject: {fileID: 2087511579}
  m_Enabled: 1
  m_EditorHideFlags: 0
  m_Script: {fileID: 708705254, guid: f5f67c52d1564df4a8936ccd202a3bd8, type: 3}
  m_Name: 
  m_EditorClassIdentifier: 
  m_Material: {fileID: 0}
  m_Color: {r: 1, g: 1, b: 1, a: 1}
  m_RaycastTarget: 1
  m_OnCullStateChanged:
    m_PersistentCalls:
      m_Calls: []
    m_TypeName: UnityEngine.UI.MaskableGraphic+CullStateChangedEvent, UnityEngine.UI,
      Version=1.0.0.0, Culture=neutral, PublicKeyToken=null
  m_FontData:
    m_Font: {fileID: 12800000, guid: bd1ea67ca2b5742d1a24fcbdc17c55e1, type: 3}
    m_FontSize: 18
    m_FontStyle: 0
    m_BestFit: 0
    m_MinSize: 10
    m_MaxSize: 40
    m_Alignment: 3
    m_AlignByGeometry: 0
    m_RichText: 1
    m_HorizontalOverflow: 0
    m_VerticalOverflow: 0
    m_LineSpacing: 1
  m_Text: HDR
--- !u!222 &2087511583
CanvasRenderer:
  m_ObjectHideFlags: 0
  m_PrefabParentObject: {fileID: 22205642, guid: 67249a792f444fc4db4d1e7b73a33c66,
    type: 2}
  m_PrefabInternal: {fileID: 350093494}
  m_GameObject: {fileID: 2087511579}
--- !u!1 &2088360246
GameObject:
  m_ObjectHideFlags: 0
  m_PrefabParentObject: {fileID: 105608, guid: 67249a792f444fc4db4d1e7b73a33c66, type: 2}
  m_PrefabInternal: {fileID: 350093494}
  serializedVersion: 4
  m_Component:
  - 224: {fileID: 2088360247}
  - 222: {fileID: 2088360249}
  - 114: {fileID: 2088360248}
  m_Layer: 5
  m_Name: Image
  m_TagString: Untagged
  m_Icon: {fileID: 0}
  m_NavMeshLayer: 0
  m_StaticEditorFlags: 0
  m_IsActive: 1
--- !u!224 &2088360247
RectTransform:
  m_ObjectHideFlags: 0
  m_PrefabParentObject: {fileID: 22405608, guid: 67249a792f444fc4db4d1e7b73a33c66,
    type: 2}
  m_PrefabInternal: {fileID: 350093494}
  m_GameObject: {fileID: 2088360246}
  m_LocalRotation: {x: 0, y: 0, z: 0, w: 1}
  m_LocalPosition: {x: 0, y: 0, z: 0}
  m_LocalScale: {x: 1, y: 1, z: 1}
  m_LocalEulerAnglesHint: {x: 0, y: 0, z: 0}
  m_Children: []
  m_Father: {fileID: 382905172}
  m_RootOrder: 0
  m_AnchorMin: {x: 0.5, y: 0.5}
  m_AnchorMax: {x: 0.5, y: 0.5}
  m_AnchoredPosition: {x: 0, y: 0}
  m_SizeDelta: {x: 109, y: 109}
  m_Pivot: {x: 0.5, y: 0.5}
--- !u!114 &2088360248
MonoBehaviour:
  m_ObjectHideFlags: 0
  m_PrefabParentObject: {fileID: 11405616, guid: 67249a792f444fc4db4d1e7b73a33c66,
    type: 2}
  m_PrefabInternal: {fileID: 350093494}
  m_GameObject: {fileID: 2088360246}
  m_Enabled: 1
  m_EditorHideFlags: 0
  m_Script: {fileID: -765806418, guid: f5f67c52d1564df4a8936ccd202a3bd8, type: 3}
  m_Name: 
  m_EditorClassIdentifier: 
  m_Material: {fileID: 0}
  m_Color: {r: 1, g: 1, b: 1, a: 1}
  m_RaycastTarget: 1
  m_OnCullStateChanged:
    m_PersistentCalls:
      m_Calls: []
    m_TypeName: UnityEngine.UI.MaskableGraphic+CullStateChangedEvent, UnityEngine.UI,
      Version=1.0.0.0, Culture=neutral, PublicKeyToken=null
  m_Sprite: {fileID: 21300000, guid: 291502478103f274da140dc9d17c64dc, type: 3}
  m_Type: 0
  m_PreserveAspect: 0
  m_FillCenter: 1
  m_FillMethod: 4
  m_FillAmount: 1
  m_FillClockwise: 1
  m_FillOrigin: 0
--- !u!222 &2088360249
CanvasRenderer:
  m_ObjectHideFlags: 0
  m_PrefabParentObject: {fileID: 22205608, guid: 67249a792f444fc4db4d1e7b73a33c66,
    type: 2}
  m_PrefabInternal: {fileID: 350093494}
  m_GameObject: {fileID: 2088360246}
--- !u!1 &2092230790
GameObject:
  m_ObjectHideFlags: 0
  m_PrefabParentObject: {fileID: 105610, guid: 67249a792f444fc4db4d1e7b73a33c66, type: 2}
  m_PrefabInternal: {fileID: 350093494}
  serializedVersion: 4
  m_Component:
  - 224: {fileID: 2092230791}
  - 222: {fileID: 2092230794}
  - 114: {fileID: 2092230793}
  - 114: {fileID: 2092230792}
  m_Layer: 5
  m_Name: Button
  m_TagString: Untagged
  m_Icon: {fileID: 0}
  m_NavMeshLayer: 0
  m_StaticEditorFlags: 0
  m_IsActive: 1
--- !u!224 &2092230791
RectTransform:
  m_ObjectHideFlags: 0
  m_PrefabParentObject: {fileID: 22405610, guid: 67249a792f444fc4db4d1e7b73a33c66,
    type: 2}
  m_PrefabInternal: {fileID: 350093494}
  m_GameObject: {fileID: 2092230790}
  m_LocalRotation: {x: 0, y: 0, z: 0, w: 1}
  m_LocalPosition: {x: 0, y: 0, z: 0}
  m_LocalScale: {x: 1, y: -1, z: 1}
  m_LocalEulerAnglesHint: {x: 0, y: 0, z: 0}
  m_Children:
  - {fileID: 1826448646}
  m_Father: {fileID: 400625606}
  m_RootOrder: 2
  m_AnchorMin: {x: 0.5, y: 0.5}
  m_AnchorMax: {x: 0.5, y: 0.5}
  m_AnchoredPosition: {x: -260, y: 0}
  m_SizeDelta: {x: 26, y: 46.766}
  m_Pivot: {x: 0.5, y: 0.5}
--- !u!114 &2092230792
MonoBehaviour:
  m_ObjectHideFlags: 0
  m_PrefabParentObject: {fileID: 11405618, guid: 67249a792f444fc4db4d1e7b73a33c66,
    type: 2}
  m_PrefabInternal: {fileID: 350093494}
  m_GameObject: {fileID: 2092230790}
  m_Enabled: 1
  m_EditorHideFlags: 0
  m_Script: {fileID: 1392445389, guid: f5f67c52d1564df4a8936ccd202a3bd8, type: 3}
  m_Name: 
  m_EditorClassIdentifier: 
  m_Navigation:
    m_Mode: 3
    m_SelectOnUp: {fileID: 0}
    m_SelectOnDown: {fileID: 0}
    m_SelectOnLeft: {fileID: 0}
    m_SelectOnRight: {fileID: 0}
  m_Transition: 1
  m_Colors:
    m_NormalColor: {r: 1, g: 1, b: 1, a: 1}
    m_HighlightedColor: {r: 0.9607843, g: 0.9607843, b: 0.9607843, a: 1}
    m_PressedColor: {r: 0.78431374, g: 0.78431374, b: 0.78431374, a: 1}
    m_DisabledColor: {r: 0.78431374, g: 0.78431374, b: 0.78431374, a: 0.5019608}
    m_ColorMultiplier: 1
    m_FadeDuration: 0.1
  m_SpriteState:
    m_HighlightedSprite: {fileID: 0}
    m_PressedSprite: {fileID: 0}
    m_DisabledSprite: {fileID: 0}
  m_AnimationTriggers:
    m_NormalTrigger: Normal
    m_HighlightedTrigger: Highlighted
    m_PressedTrigger: Pressed
    m_DisabledTrigger: Disabled
  m_Interactable: 1
  m_TargetGraphic: {fileID: 2092230793}
  m_OnClick:
    m_PersistentCalls:
      m_Calls: []
    m_TypeName: UnityEngine.UI.Button+ButtonClickedEvent, UnityEngine.UI, Version=1.0.0.0,
      Culture=neutral, PublicKeyToken=null
--- !u!114 &2092230793
MonoBehaviour:
  m_ObjectHideFlags: 0
  m_PrefabParentObject: {fileID: 11405620, guid: 67249a792f444fc4db4d1e7b73a33c66,
    type: 2}
  m_PrefabInternal: {fileID: 350093494}
  m_GameObject: {fileID: 2092230790}
  m_Enabled: 1
  m_EditorHideFlags: 0
  m_Script: {fileID: -765806418, guid: f5f67c52d1564df4a8936ccd202a3bd8, type: 3}
  m_Name: 
  m_EditorClassIdentifier: 
  m_Material: {fileID: 0}
  m_Color: {r: 1, g: 1, b: 1, a: 1}
  m_RaycastTarget: 1
  m_OnCullStateChanged:
    m_PersistentCalls:
      m_Calls: []
    m_TypeName: UnityEngine.UI.MaskableGraphic+CullStateChangedEvent, UnityEngine.UI,
      Version=1.0.0.0, Culture=neutral, PublicKeyToken=null
  m_Sprite: {fileID: 21300000, guid: 808ccd6b57b92481eb8234406b711bd1, type: 3}
  m_Type: 0
  m_PreserveAspect: 0
  m_FillCenter: 1
  m_FillMethod: 4
  m_FillAmount: 1
  m_FillClockwise: 1
  m_FillOrigin: 0
--- !u!222 &2092230794
CanvasRenderer:
  m_ObjectHideFlags: 0
  m_PrefabParentObject: {fileID: 22205610, guid: 67249a792f444fc4db4d1e7b73a33c66,
    type: 2}
  m_PrefabInternal: {fileID: 350093494}
  m_GameObject: {fileID: 2092230790}
--- !u!1 &2139260302
GameObject:
  m_ObjectHideFlags: 0
  m_PrefabParentObject: {fileID: 105602, guid: 67249a792f444fc4db4d1e7b73a33c66, type: 2}
  m_PrefabInternal: {fileID: 350093494}
  serializedVersion: 4
  m_Component:
  - 224: {fileID: 2139260303}
  - 222: {fileID: 2139260305}
  - 114: {fileID: 2139260304}
  m_Layer: 5
  m_Name: AppTitle
  m_TagString: Untagged
  m_Icon: {fileID: 0}
  m_NavMeshLayer: 0
  m_StaticEditorFlags: 0
  m_IsActive: 1
--- !u!224 &2139260303
RectTransform:
  m_ObjectHideFlags: 0
  m_PrefabParentObject: {fileID: 22405602, guid: 67249a792f444fc4db4d1e7b73a33c66,
    type: 2}
  m_PrefabInternal: {fileID: 350093494}
  m_GameObject: {fileID: 2139260302}
  m_LocalRotation: {x: 0, y: 0, z: 0, w: 1}
  m_LocalPosition: {x: 0, y: 0, z: 0}
  m_LocalScale: {x: 1, y: 1, z: 1}
  m_LocalEulerAnglesHint: {x: 0, y: 0, z: 0}
  m_Children:
  - {fileID: 1177215484}
  m_Father: {fileID: 738717386}
  m_RootOrder: 0
  m_AnchorMin: {x: 0.5, y: 0.5}
  m_AnchorMax: {x: 0.5, y: 0.5}
  m_AnchoredPosition: {x: 28, y: 679}
  m_SizeDelta: {x: 695, y: 109}
  m_Pivot: {x: 0.5, y: 0.5}
--- !u!114 &2139260304
MonoBehaviour:
  m_ObjectHideFlags: 0
  m_PrefabParentObject: {fileID: 11405610, guid: 67249a792f444fc4db4d1e7b73a33c66,
    type: 2}
  m_PrefabInternal: {fileID: 350093494}
  m_GameObject: {fileID: 2139260302}
  m_Enabled: 1
  m_EditorHideFlags: 0
  m_Script: {fileID: 708705254, guid: f5f67c52d1564df4a8936ccd202a3bd8, type: 3}
  m_Name: 
  m_EditorClassIdentifier: 
  m_Material: {fileID: 0}
  m_Color: {r: 0.85490197, g: 0.85490197, b: 0.85490197, a: 1}
  m_RaycastTarget: 1
  m_OnCullStateChanged:
    m_PersistentCalls:
      m_Calls: []
    m_TypeName: UnityEngine.UI.MaskableGraphic+CullStateChangedEvent, UnityEngine.UI,
      Version=1.0.0.0, Culture=neutral, PublicKeyToken=null
  m_FontData:
    m_Font: {fileID: 12800000, guid: 218956a5c2a6e42d6a60afccf80b002b, type: 3}
    m_FontSize: 100
    m_FontStyle: 0
    m_BestFit: 0
    m_MinSize: 10
    m_MaxSize: 100
    m_Alignment: 0
    m_AlignByGeometry: 0
    m_RichText: 1
    m_HorizontalOverflow: 0
    m_VerticalOverflow: 1
    m_LineSpacing: 1
  m_Text: 'CAMERA '
--- !u!222 &2139260305
CanvasRenderer:
  m_ObjectHideFlags: 0
  m_PrefabParentObject: {fileID: 22205602, guid: 67249a792f444fc4db4d1e7b73a33c66,
    type: 2}
  m_PrefabInternal: {fileID: 350093494}
  m_GameObject: {fileID: 2139260302}
