%YAML 1.1
%TAG !u! tag:unity3d.com,2011:
--- !u!29 &1
SceneSettings:
  m_ObjectHideFlags: 0
  m_PVSData: 
  m_PVSObjectsArray: []
  m_PVSPortalsArray: []
  m_OcclusionBakeSettings:
    smallestOccluder: 5
    smallestHole: 0.25
    backfaceThreshold: 100
--- !u!104 &2
RenderSettings:
  m_ObjectHideFlags: 0
  serializedVersion: 7
  m_Fog: 0
  m_FogColor: {r: 0.5, g: 0.5, b: 0.5, a: 1}
  m_FogMode: 3
  m_FogDensity: 0.01
  m_LinearFogStart: 0
  m_LinearFogEnd: 300
  m_AmbientSkyColor: {r: 0.212, g: 0.227, b: 0.259, a: 1}
  m_AmbientEquatorColor: {r: 0.114, g: 0.125, b: 0.133, a: 1}
  m_AmbientGroundColor: {r: 0.047, g: 0.043, b: 0.035, a: 1}
  m_AmbientIntensity: 1
  m_AmbientMode: 0
  m_SkyboxMaterial: {fileID: 10304, guid: 0000000000000000f000000000000000, type: 0}
  m_HaloStrength: 0.5
  m_FlareStrength: 1
  m_FlareFadeSpeed: 3
  m_HaloTexture: {fileID: 0}
  m_SpotCookie: {fileID: 10001, guid: 0000000000000000e000000000000000, type: 0}
  m_DefaultReflectionMode: 0
  m_DefaultReflectionResolution: 128
  m_ReflectionBounces: 1
  m_ReflectionIntensity: 1
  m_CustomReflection: {fileID: 0}
  m_Sun: {fileID: 0}
  m_IndirectSpecularColor: {r: 0, g: 0, b: 0, a: 1}
--- !u!157 &4
LightmapSettings:
  m_ObjectHideFlags: 0
  serializedVersion: 7
  m_GIWorkflowMode: 0
  m_GISettings:
    serializedVersion: 2
    m_BounceScale: 1
    m_IndirectOutputScale: 1
    m_AlbedoBoost: 1
    m_TemporalCoherenceThreshold: 1
    m_EnvironmentLightingMode: 0
    m_EnableBakedLightmaps: 1
    m_EnableRealtimeLightmaps: 1
  m_LightmapEditorSettings:
    serializedVersion: 4
    m_Resolution: 2
    m_BakeResolution: 40
    m_TextureWidth: 1024
    m_TextureHeight: 1024
    m_AO: 0
    m_AOMaxDistance: 1
    m_CompAOExponent: 0
    m_CompAOExponentDirect: 0
    m_Padding: 2
    m_LightmapParameters: {fileID: 0}
    m_LightmapsBakeMode: 1
    m_TextureCompression: 1
    m_DirectLightInLightProbes: 1
    m_FinalGather: 0
    m_FinalGatherFiltering: 1
    m_FinalGatherRayCount: 1024
    m_ReflectionCompression: 2
  m_LightingDataAsset: {fileID: 0}
  m_RuntimeCPUUsage: 25
--- !u!196 &5
NavMeshSettings:
  serializedVersion: 2
  m_ObjectHideFlags: 0
  m_BuildSettings:
    serializedVersion: 2
    agentRadius: 0.5
    agentHeight: 2
    agentSlope: 45
    agentClimb: 0.4
    ledgeDropHeight: 0
    maxJumpAcrossDistance: 0
    accuratePlacement: 0
    minRegionArea: 2
    cellSize: 0.16666667
    manualCellSize: 0
  m_NavMeshData: {fileID: 0}
--- !u!1 &93980217
GameObject:
  m_ObjectHideFlags: 0
  m_PrefabParentObject: {fileID: 187836, guid: f144c59660299fa419055b839803a19f, type: 2}
  m_PrefabInternal: {fileID: 133185807}
  serializedVersion: 4
  m_Component:
  - 224: {fileID: 93980218}
  - 222: {fileID: 93980221}
  - 114: {fileID: 93980220}
  - 114: {fileID: 93980219}
  m_Layer: 5
  m_Name: Button
  m_TagString: Untagged
  m_Icon: {fileID: 0}
  m_NavMeshLayer: 0
  m_StaticEditorFlags: 0
  m_IsActive: 1
--- !u!224 &93980218
RectTransform:
  m_ObjectHideFlags: 0
  m_PrefabParentObject: {fileID: 22487836, guid: f144c59660299fa419055b839803a19f,
    type: 2}
  m_PrefabInternal: {fileID: 133185807}
  m_GameObject: {fileID: 93980217}
  m_LocalRotation: {x: 0, y: 0, z: 0, w: 1}
  m_LocalPosition: {x: 0, y: 0, z: 0}
  m_LocalScale: {x: 1, y: 1, z: 1}
  m_LocalEulerAnglesHint: {x: 0, y: 0, z: 0}
  m_Children: []
  m_Father: {fileID: 593358299}
  m_RootOrder: 2
  m_AnchorMin: {x: 0.5, y: 0.5}
  m_AnchorMax: {x: 0.5, y: 0.5}
  m_AnchoredPosition: {x: 273.6, y: 0.00000077486}
  m_SizeDelta: {x: 34.9, y: 29.69}
  m_Pivot: {x: 0.5, y: 0.5}
--- !u!114 &93980219
MonoBehaviour:
  m_ObjectHideFlags: 0
  m_PrefabParentObject: {fileID: 11487830, guid: f144c59660299fa419055b839803a19f,
    type: 2}
  m_PrefabInternal: {fileID: 133185807}
  m_GameObject: {fileID: 93980217}
  m_Enabled: 1
  m_EditorHideFlags: 0
  m_Script: {fileID: 1392445389, guid: f5f67c52d1564df4a8936ccd202a3bd8, type: 3}
  m_Name: 
  m_EditorClassIdentifier: 
  m_Navigation:
    m_Mode: 3
    m_SelectOnUp: {fileID: 0}
    m_SelectOnDown: {fileID: 0}
    m_SelectOnLeft: {fileID: 0}
    m_SelectOnRight: {fileID: 0}
  m_Transition: 1
  m_Colors:
    m_NormalColor: {r: 1, g: 1, b: 1, a: 1}
    m_HighlightedColor: {r: 0.9607843, g: 0.9607843, b: 0.9607843, a: 1}
    m_PressedColor: {r: 0.78431374, g: 0.78431374, b: 0.78431374, a: 1}
    m_DisabledColor: {r: 0.78431374, g: 0.78431374, b: 0.78431374, a: 0.5019608}
    m_ColorMultiplier: 1
    m_FadeDuration: 0.1
  m_SpriteState:
    m_HighlightedSprite: {fileID: 0}
    m_PressedSprite: {fileID: 0}
    m_DisabledSprite: {fileID: 0}
  m_AnimationTriggers:
    m_NormalTrigger: Normal
    m_HighlightedTrigger: Highlighted
    m_PressedTrigger: Pressed
    m_DisabledTrigger: Disabled
  m_Interactable: 1
  m_TargetGraphic: {fileID: 93980220}
  m_OnClick:
    m_PersistentCalls:
      m_Calls: []
    m_TypeName: UnityEngine.UI.Button+ButtonClickedEvent, UnityEngine.UI, Version=1.0.0.0,
      Culture=neutral, PublicKeyToken=null
--- !u!114 &93980220
MonoBehaviour:
  m_ObjectHideFlags: 0
  m_PrefabParentObject: {fileID: 11487828, guid: f144c59660299fa419055b839803a19f,
    type: 2}
  m_PrefabInternal: {fileID: 133185807}
  m_GameObject: {fileID: 93980217}
  m_Enabled: 1
  m_EditorHideFlags: 0
  m_Script: {fileID: -765806418, guid: f5f67c52d1564df4a8936ccd202a3bd8, type: 3}
  m_Name: 
  m_EditorClassIdentifier: 
  m_Material: {fileID: 0}
  m_Color: {r: 0.18382353, g: 0.18382353, b: 0.18382353, a: 0.827451}
  m_RaycastTarget: 1
  m_OnCullStateChanged:
    m_PersistentCalls:
      m_Calls: []
    m_TypeName: UnityEngine.UI.MaskableGraphic+CullStateChangedEvent, UnityEngine.UI,
      Version=1.0.0.0, Culture=neutral, PublicKeyToken=null
  m_Sprite: {fileID: 21300000, guid: 8fa6c013eb48a4ee1a581ae0c6921a3a, type: 3}
  m_Type: 0
  m_PreserveAspect: 0
  m_FillCenter: 1
  m_FillMethod: 4
  m_FillAmount: 1
  m_FillClockwise: 1
  m_FillOrigin: 0
--- !u!222 &93980221
CanvasRenderer:
  m_ObjectHideFlags: 0
  m_PrefabParentObject: {fileID: 22287836, guid: f144c59660299fa419055b839803a19f,
    type: 2}
  m_PrefabInternal: {fileID: 133185807}
  m_GameObject: {fileID: 93980217}
--- !u!1001 &133185807
Prefab:
  m_ObjectHideFlags: 0
  serializedVersion: 2
  m_Modification:
    m_TransformParent: {fileID: 0}
    m_Modifications:
    - target: {fileID: 22487828, guid: f144c59660299fa419055b839803a19f, type: 2}
      propertyPath: m_LocalPosition.x
      value: 0
      objectReference: {fileID: 0}
    - target: {fileID: 22487828, guid: f144c59660299fa419055b839803a19f, type: 2}
      propertyPath: m_LocalPosition.y
      value: 0
      objectReference: {fileID: 0}
    - target: {fileID: 22487828, guid: f144c59660299fa419055b839803a19f, type: 2}
      propertyPath: m_LocalPosition.z
      value: 0
      objectReference: {fileID: 0}
    - target: {fileID: 22487828, guid: f144c59660299fa419055b839803a19f, type: 2}
      propertyPath: m_LocalRotation.x
      value: 0
      objectReference: {fileID: 0}
    - target: {fileID: 22487828, guid: f144c59660299fa419055b839803a19f, type: 2}
      propertyPath: m_LocalRotation.y
      value: 0
      objectReference: {fileID: 0}
    - target: {fileID: 22487828, guid: f144c59660299fa419055b839803a19f, type: 2}
      propertyPath: m_LocalRotation.z
      value: 0
      objectReference: {fileID: 0}
    - target: {fileID: 22487828, guid: f144c59660299fa419055b839803a19f, type: 2}
      propertyPath: m_LocalRotation.w
      value: 1
      objectReference: {fileID: 0}
    - target: {fileID: 22487828, guid: f144c59660299fa419055b839803a19f, type: 2}
      propertyPath: m_RootOrder
      value: 0
      objectReference: {fileID: 0}
    - target: {fileID: 22487828, guid: f144c59660299fa419055b839803a19f, type: 2}
      propertyPath: m_AnchoredPosition.x
      value: 0
      objectReference: {fileID: 0}
    - target: {fileID: 22487828, guid: f144c59660299fa419055b839803a19f, type: 2}
      propertyPath: m_AnchoredPosition.y
      value: 0
      objectReference: {fileID: 0}
    - target: {fileID: 22487828, guid: f144c59660299fa419055b839803a19f, type: 2}
      propertyPath: m_SizeDelta.x
      value: 0
      objectReference: {fileID: 0}
    - target: {fileID: 22487828, guid: f144c59660299fa419055b839803a19f, type: 2}
      propertyPath: m_SizeDelta.y
      value: 0
      objectReference: {fileID: 0}
    - target: {fileID: 22487828, guid: f144c59660299fa419055b839803a19f, type: 2}
      propertyPath: m_AnchorMin.x
      value: 0
      objectReference: {fileID: 0}
    - target: {fileID: 22487828, guid: f144c59660299fa419055b839803a19f, type: 2}
      propertyPath: m_AnchorMin.y
      value: 0
      objectReference: {fileID: 0}
    - target: {fileID: 22487828, guid: f144c59660299fa419055b839803a19f, type: 2}
      propertyPath: m_AnchorMax.x
      value: 0
      objectReference: {fileID: 0}
    - target: {fileID: 22487828, guid: f144c59660299fa419055b839803a19f, type: 2}
      propertyPath: m_AnchorMax.y
      value: 0
      objectReference: {fileID: 0}
    - target: {fileID: 22487828, guid: f144c59660299fa419055b839803a19f, type: 2}
      propertyPath: m_Pivot.x
      value: 0
      objectReference: {fileID: 0}
    - target: {fileID: 22487828, guid: f144c59660299fa419055b839803a19f, type: 2}
      propertyPath: m_Pivot.y
      value: 0
      objectReference: {fileID: 0}
    m_RemovedComponents: []
  m_ParentPrefab: {fileID: 100100000, guid: f144c59660299fa419055b839803a19f, type: 2}
  m_RootGameObject: {fileID: 738717381}
  m_IsPrefabParent: 0
--- !u!1 &133357937
GameObject:
  m_ObjectHideFlags: 0
  m_PrefabParentObject: {fileID: 187826, guid: f144c59660299fa419055b839803a19f, type: 2}
  m_PrefabInternal: {fileID: 133185807}
  serializedVersion: 4
  m_Component:
  - 224: {fileID: 133357938}
  - 222: {fileID: 133357940}
  - 114: {fileID: 133357939}
  m_Layer: 5
  m_Name: Icon
  m_TagString: Untagged
  m_Icon: {fileID: 0}
  m_NavMeshLayer: 0
  m_StaticEditorFlags: 0
  m_IsActive: 1
--- !u!224 &133357938
RectTransform:
  m_ObjectHideFlags: 0
  m_PrefabParentObject: {fileID: 22487826, guid: f144c59660299fa419055b839803a19f,
    type: 2}
  m_PrefabInternal: {fileID: 133185807}
  m_GameObject: {fileID: 133357937}
  m_LocalRotation: {x: 0, y: 0, z: 0, w: 1}
  m_LocalPosition: {x: 0, y: 0, z: 0}
  m_LocalScale: {x: 1, y: 1, z: 1}
  m_LocalEulerAnglesHint: {x: 0, y: 0, z: 0}
  m_Children: []
  m_Father: {fileID: 848710099}
  m_RootOrder: 0
  m_AnchorMin: {x: 0.5, y: 0.5}
  m_AnchorMax: {x: 0.5, y: 0.5}
  m_AnchoredPosition: {x: 0, y: -0.00000035762787}
  m_SizeDelta: {x: 47, y: 37}
  m_Pivot: {x: 0.5, y: 0.5}
--- !u!114 &133357939
MonoBehaviour:
  m_ObjectHideFlags: 0
  m_PrefabParentObject: {fileID: 11487814, guid: f144c59660299fa419055b839803a19f,
    type: 2}
  m_PrefabInternal: {fileID: 133185807}
  m_GameObject: {fileID: 133357937}
  m_Enabled: 1
  m_EditorHideFlags: 0
  m_Script: {fileID: -765806418, guid: f5f67c52d1564df4a8936ccd202a3bd8, type: 3}
  m_Name: 
  m_EditorClassIdentifier: 
  m_Material: {fileID: 0}
  m_Color: {r: 1, g: 1, b: 1, a: 0.7372549}
  m_RaycastTarget: 1
  m_OnCullStateChanged:
    m_PersistentCalls:
      m_Calls: []
    m_TypeName: UnityEngine.UI.MaskableGraphic+CullStateChangedEvent, UnityEngine.UI,
      Version=1.0.0.0, Culture=neutral, PublicKeyToken=null
  m_Sprite: {fileID: 21300000, guid: 0f41e1b09cbd84f3da1b51c88ec120ee, type: 3}
  m_Type: 0
  m_PreserveAspect: 0
  m_FillCenter: 1
  m_FillMethod: 4
  m_FillAmount: 1
  m_FillClockwise: 1
  m_FillOrigin: 0
--- !u!222 &133357940
CanvasRenderer:
  m_ObjectHideFlags: 0
  m_PrefabParentObject: {fileID: 22287826, guid: f144c59660299fa419055b839803a19f,
    type: 2}
  m_PrefabInternal: {fileID: 133185807}
  m_GameObject: {fileID: 133357937}
--- !u!1 &269727119
GameObject:
  m_ObjectHideFlags: 0
  m_PrefabParentObject: {fileID: 187792, guid: f144c59660299fa419055b839803a19f, type: 2}
  m_PrefabInternal: {fileID: 133185807}
  serializedVersion: 4
  m_Component:
  - 224: {fileID: 269727120}
  - 222: {fileID: 269727123}
  - 114: {fileID: 269727122}
  - 114: {fileID: 269727121}
  m_Layer: 5
  m_Name: Panel
  m_TagString: Untagged
  m_Icon: {fileID: 0}
  m_NavMeshLayer: 0
  m_StaticEditorFlags: 0
  m_IsActive: 1
--- !u!224 &269727120
RectTransform:
  m_ObjectHideFlags: 0
  m_PrefabParentObject: {fileID: 22487792, guid: f144c59660299fa419055b839803a19f,
    type: 2}
  m_PrefabInternal: {fileID: 133185807}
  m_GameObject: {fileID: 269727119}
  m_LocalRotation: {x: 0, y: 0, z: 0, w: 1}
  m_LocalPosition: {x: 0, y: 0, z: 0}
  m_LocalScale: {x: 1, y: 1, z: 1}
  m_LocalEulerAnglesHint: {x: 0, y: 0, z: 0}
  m_Children:
  - {fileID: 2087511580}
  - {fileID: 2092230791}
  - {fileID: 848710099}
  - {fileID: 1175534924}
  - {fileID: 1998084389}
  - {fileID: 593358299}
  - {fileID: 1082734400}
  - {fileID: 1188877551}
  - {fileID: 423224267}
  m_Father: {fileID: 738717386}
  m_RootOrder: 1
  m_AnchorMin: {x: 0.5, y: 0.5}
  m_AnchorMax: {x: 0.5, y: 0.5}
  m_AnchoredPosition: {x: 0, y: 0}
  m_SizeDelta: {x: 640, y: 1136}
  m_Pivot: {x: 0.5, y: 0.5}
--- !u!114 &269727121
MonoBehaviour:
  m_ObjectHideFlags: 0
  m_PrefabParentObject: {fileID: 11487772, guid: f144c59660299fa419055b839803a19f,
    type: 2}
  m_PrefabInternal: {fileID: 133185807}
  m_GameObject: {fileID: 269727119}
  m_Enabled: 1
  m_EditorHideFlags: 0
  m_Script: {fileID: -1200242548, guid: f5f67c52d1564df4a8936ccd202a3bd8, type: 3}
  m_Name: 
  m_EditorClassIdentifier: 
  m_ShowMaskGraphic: 1
--- !u!114 &269727122
MonoBehaviour:
  m_ObjectHideFlags: 0
  m_PrefabParentObject: {fileID: 11487770, guid: f144c59660299fa419055b839803a19f,
    type: 2}
  m_PrefabInternal: {fileID: 133185807}
  m_GameObject: {fileID: 269727119}
  m_Enabled: 1
  m_EditorHideFlags: 0
  m_Script: {fileID: -765806418, guid: f5f67c52d1564df4a8936ccd202a3bd8, type: 3}
  m_Name: 
  m_EditorClassIdentifier: 
  m_Material: {fileID: 0}
  m_Color: {r: 0.13333334, g: 0.13725491, b: 0.14509805, a: 1}
  m_RaycastTarget: 1
  m_OnCullStateChanged:
    m_PersistentCalls:
      m_Calls: []
    m_TypeName: UnityEngine.UI.MaskableGraphic+CullStateChangedEvent, UnityEngine.UI,
      Version=1.0.0.0, Culture=neutral, PublicKeyToken=null
  m_Sprite: {fileID: 21300000, guid: 7ed1238760b863f4aafde32ab3a6f28c, type: 3}
  m_Type: 1
  m_PreserveAspect: 0
  m_FillCenter: 1
  m_FillMethod: 4
  m_FillAmount: 1
  m_FillClockwise: 1
  m_FillOrigin: 0
--- !u!222 &269727123
CanvasRenderer:
  m_ObjectHideFlags: 0
  m_PrefabParentObject: {fileID: 22287792, guid: f144c59660299fa419055b839803a19f,
    type: 2}
  m_PrefabInternal: {fileID: 133185807}
  m_GameObject: {fileID: 269727119}
--- !u!1 &382905171
GameObject:
  m_ObjectHideFlags: 0
  m_PrefabParentObject: {fileID: 187814, guid: f144c59660299fa419055b839803a19f, type: 2}
  m_PrefabInternal: {fileID: 133185807}
  serializedVersion: 4
  m_Component:
  - 224: {fileID: 382905172}
  - 222: {fileID: 382905174}
  - 114: {fileID: 382905173}
  m_Layer: 5
  m_Name: Text
  m_TagString: Untagged
  m_Icon: {fileID: 0}
  m_NavMeshLayer: 0
  m_StaticEditorFlags: 0
  m_IsActive: 1
--- !u!224 &382905172
RectTransform:
  m_ObjectHideFlags: 0
  m_PrefabParentObject: {fileID: 22487814, guid: f144c59660299fa419055b839803a19f,
    type: 2}
  m_PrefabInternal: {fileID: 133185807}
  m_GameObject: {fileID: 382905171}
  m_LocalRotation: {x: 0, y: 0, z: 0, w: 1}
  m_LocalPosition: {x: 0, y: 0, z: 0}
  m_LocalScale: {x: 1, y: 1, z: 1}
  m_LocalEulerAnglesHint: {x: 0, y: 0, z: 0}
  m_Children: []
  m_Father: {fileID: 1998084389}
  m_RootOrder: 1
  m_AnchorMin: {x: 0.5, y: 0.5}
  m_AnchorMax: {x: 0.5, y: 0.5}
  m_AnchoredPosition: {x: -247, y: 0}
  m_SizeDelta: {x: 23.6, y: 30}
  m_Pivot: {x: 0.5, y: 0.5}
--- !u!114 &382905173
MonoBehaviour:
  m_ObjectHideFlags: 0
  m_PrefabParentObject: {fileID: 11487798, guid: f144c59660299fa419055b839803a19f,
    type: 2}
  m_PrefabInternal: {fileID: 133185807}
  m_GameObject: {fileID: 382905171}
  m_Enabled: 1
  m_EditorHideFlags: 0
  m_Script: {fileID: 708705254, guid: f5f67c52d1564df4a8936ccd202a3bd8, type: 3}
  m_Name: 
  m_EditorClassIdentifier: 
  m_Material: {fileID: 0}
  m_Color: {r: 0.051470578, g: 0.051470578, b: 0.051470578, a: 0.827451}
  m_RaycastTarget: 1
  m_OnCullStateChanged:
    m_PersistentCalls:
      m_Calls: []
    m_TypeName: UnityEngine.UI.MaskableGraphic+CullStateChangedEvent, UnityEngine.UI,
      Version=1.0.0.0, Culture=neutral, PublicKeyToken=null
  m_FontData:
    m_Font: {fileID: 12800000, guid: 218956a5c2a6e42d6a60afccf80b002b, type: 3}
    m_FontSize: 16
    m_FontStyle: 0
    m_BestFit: 0
    m_MinSize: 10
    m_MaxSize: 40
    m_Alignment: 3
    m_AlignByGeometry: 0
    m_RichText: 1
    m_HorizontalOverflow: 0
    m_VerticalOverflow: 0
    m_LineSpacing: 1
  m_Text: 3s
--- !u!222 &382905174
CanvasRenderer:
  m_ObjectHideFlags: 0
  m_PrefabParentObject: {fileID: 22287814, guid: f144c59660299fa419055b839803a19f,
    type: 2}
  m_PrefabInternal: {fileID: 133185807}
  m_GameObject: {fileID: 382905171}
--- !u!1 &400625605
GameObject:
  m_ObjectHideFlags: 0
  m_PrefabParentObject: {fileID: 187796, guid: f144c59660299fa419055b839803a19f, type: 2}
  m_PrefabInternal: {fileID: 133185807}
  serializedVersion: 4
  m_Component:
  - 224: {fileID: 400625606}
  - 222: {fileID: 400625608}
  - 114: {fileID: 400625607}
  m_Layer: 5
  m_Name: AppTitle
  m_TagString: Untagged
  m_Icon: {fileID: 0}
  m_NavMeshLayer: 0
  m_StaticEditorFlags: 0
  m_IsActive: 1
--- !u!224 &400625606
RectTransform:
  m_ObjectHideFlags: 0
  m_PrefabParentObject: {fileID: 22487796, guid: f144c59660299fa419055b839803a19f,
    type: 2}
  m_PrefabInternal: {fileID: 133185807}
  m_GameObject: {fileID: 400625605}
  m_LocalRotation: {x: 0, y: 0, z: 0, w: 1}
  m_LocalPosition: {x: 0, y: 0, z: 0}
  m_LocalScale: {x: 1, y: 1, z: 1}
  m_LocalEulerAnglesHint: {x: 0, y: 0, z: 0}
  m_Children: []
  m_Father: {fileID: 1288316264}
  m_RootOrder: 0
  m_AnchorMin: {x: 0.5, y: 0.5}
  m_AnchorMax: {x: 0.5, y: 0.5}
  m_AnchoredPosition: {x: 0, y: -86}
  m_SizeDelta: {x: 695, y: 67}
  m_Pivot: {x: 0.5, y: 0.5}
--- !u!114 &400625607
MonoBehaviour:
  m_ObjectHideFlags: 0
  m_PrefabParentObject: {fileID: 11487776, guid: f144c59660299fa419055b839803a19f,
    type: 2}
  m_PrefabInternal: {fileID: 133185807}
  m_GameObject: {fileID: 400625605}
  m_Enabled: 1
  m_EditorHideFlags: 0
  m_Script: {fileID: 708705254, guid: f5f67c52d1564df4a8936ccd202a3bd8, type: 3}
  m_Name: 
  m_EditorClassIdentifier: 
  m_Material: {fileID: 0}
  m_Color: {r: 0.85490197, g: 0.85490197, b: 0.85490197, a: 1}
  m_RaycastTarget: 1
  m_OnCullStateChanged:
    m_PersistentCalls:
      m_Calls: []
    m_TypeName: UnityEngine.UI.MaskableGraphic+CullStateChangedEvent, UnityEngine.UI,
      Version=1.0.0.0, Culture=neutral, PublicKeyToken=null
  m_FontData:
    m_Font: {fileID: 12800000, guid: 218956a5c2a6e42d6a60afccf80b002b, type: 3}
    m_FontSize: 40
    m_FontStyle: 0
    m_BestFit: 0
    m_MinSize: 10
    m_MaxSize: 40
    m_Alignment: 0
    m_AlignByGeometry: 0
    m_RichText: 1
    m_HorizontalOverflow: 0
    m_VerticalOverflow: 1
    m_LineSpacing: 1
  m_Text: APP SAMPLE
--- !u!222 &400625608
CanvasRenderer:
  m_ObjectHideFlags: 0
  m_PrefabParentObject: {fileID: 22287796, guid: f144c59660299fa419055b839803a19f,
    type: 2}
  m_PrefabInternal: {fileID: 133185807}
  m_GameObject: {fileID: 400625605}
--- !u!1 &423224266
GameObject:
  m_ObjectHideFlags: 0
  m_PrefabParentObject: {fileID: 187818, guid: f144c59660299fa419055b839803a19f, type: 2}
  m_PrefabInternal: {fileID: 133185807}
  serializedVersion: 4
  m_Component:
  - 224: {fileID: 423224267}
  - 222: {fileID: 423224269}
  - 114: {fileID: 423224268}
  m_Layer: 5
  m_Name: Lines
  m_TagString: Untagged
  m_Icon: {fileID: 0}
  m_NavMeshLayer: 0
  m_StaticEditorFlags: 0
  m_IsActive: 1
--- !u!224 &423224267
RectTransform:
  m_ObjectHideFlags: 0
  m_PrefabParentObject: {fileID: 22487818, guid: f144c59660299fa419055b839803a19f,
    type: 2}
  m_PrefabInternal: {fileID: 133185807}
  m_GameObject: {fileID: 423224266}
  m_LocalRotation: {x: 0, y: 0, z: 0, w: 1}
  m_LocalPosition: {x: 0, y: 0, z: 0}
  m_LocalScale: {x: 1, y: 1, z: 1}
  m_LocalEulerAnglesHint: {x: 0, y: 0, z: 0}
  m_Children: []
  m_Father: {fileID: 269727120}
  m_RootOrder: 8
  m_AnchorMin: {x: 0.5, y: 0.5}
  m_AnchorMax: {x: 0.5, y: 0.5}
  m_AnchoredPosition: {x: 106.8, y: -475}
  m_SizeDelta: {x: 1, y: 186}
  m_Pivot: {x: 0.5, y: 0.5}
--- !u!114 &423224268
MonoBehaviour:
  m_ObjectHideFlags: 0
  m_PrefabParentObject: {fileID: 11487804, guid: f144c59660299fa419055b839803a19f,
    type: 2}
  m_PrefabInternal: {fileID: 133185807}
  m_GameObject: {fileID: 423224266}
  m_Enabled: 1
  m_EditorHideFlags: 0
  m_Script: {fileID: -765806418, guid: f5f67c52d1564df4a8936ccd202a3bd8, type: 3}
  m_Name: 
  m_EditorClassIdentifier: 
  m_Material: {fileID: 0}
  m_Color: {r: 0.9632353, g: 0.9632353, b: 0.9632353, a: 0.1254902}
  m_RaycastTarget: 1
  m_OnCullStateChanged:
    m_PersistentCalls:
      m_Calls: []
    m_TypeName: UnityEngine.UI.MaskableGraphic+CullStateChangedEvent, UnityEngine.UI,
      Version=1.0.0.0, Culture=neutral, PublicKeyToken=null
  m_Sprite: {fileID: 21300000, guid: 7ed1238760b863f4aafde32ab3a6f28c, type: 3}
  m_Type: 1
  m_PreserveAspect: 0
  m_FillCenter: 1
  m_FillMethod: 4
  m_FillAmount: 1
  m_FillClockwise: 1
  m_FillOrigin: 0
--- !u!222 &423224269
CanvasRenderer:
  m_ObjectHideFlags: 0
  m_PrefabParentObject: {fileID: 22287818, guid: f144c59660299fa419055b839803a19f,
    type: 2}
  m_PrefabInternal: {fileID: 133185807}
  m_GameObject: {fileID: 423224266}
--- !u!1 &593358298
GameObject:
  m_ObjectHideFlags: 0
  m_PrefabParentObject: {fileID: 187790, guid: f144c59660299fa419055b839803a19f, type: 2}
  m_PrefabInternal: {fileID: 133185807}
  serializedVersion: 4
  m_Component:
  - 224: {fileID: 593358299}
  - 222: {fileID: 593358301}
  - 114: {fileID: 593358300}
  m_Layer: 5
  m_Name: Panel
  m_TagString: Untagged
  m_Icon: {fileID: 0}
  m_NavMeshLayer: 0
  m_StaticEditorFlags: 0
  m_IsActive: 1
--- !u!224 &593358299
RectTransform:
  m_ObjectHideFlags: 0
  m_PrefabParentObject: {fileID: 22487790, guid: f144c59660299fa419055b839803a19f,
    type: 2}
  m_PrefabInternal: {fileID: 133185807}
  m_GameObject: {fileID: 593358298}
  m_LocalRotation: {x: 0, y: 0, z: 0, w: 1}
  m_LocalPosition: {x: 0, y: 0, z: 0}
  m_LocalScale: {x: 1, y: 1, z: 1}
  m_LocalEulerAnglesHint: {x: 0, y: 0, z: 0}
  m_Children:
  - {fileID: 754459273}
  - {fileID: 633461185}
  - {fileID: 93980218}
  - {fileID: 1399556142}
  m_Father: {fileID: 269727120}
  m_RootOrder: 5
  m_AnchorMin: {x: 0.5, y: 0.5}
  m_AnchorMax: {x: 0.5, y: 0.5}
  m_AnchoredPosition: {x: 0, y: 528}
  m_SizeDelta: {x: 640, y: 80}
  m_Pivot: {x: 0.5, y: 0.5}
--- !u!114 &593358300
MonoBehaviour:
  m_ObjectHideFlags: 0
  m_PrefabParentObject: {fileID: 11487768, guid: f144c59660299fa419055b839803a19f,
    type: 2}
  m_PrefabInternal: {fileID: 133185807}
  m_GameObject: {fileID: 593358298}
  m_Enabled: 1
  m_EditorHideFlags: 0
  m_Script: {fileID: -765806418, guid: f5f67c52d1564df4a8936ccd202a3bd8, type: 3}
  m_Name: 
  m_EditorClassIdentifier: 
  m_Material: {fileID: 0}
  m_Color: {r: 0.9632353, g: 0.9632353, b: 0.9632353, a: 0.7764706}
  m_RaycastTarget: 1
  m_OnCullStateChanged:
    m_PersistentCalls:
      m_Calls: []
    m_TypeName: UnityEngine.UI.MaskableGraphic+CullStateChangedEvent, UnityEngine.UI,
      Version=1.0.0.0, Culture=neutral, PublicKeyToken=null
  m_Sprite: {fileID: 21300000, guid: 7ed1238760b863f4aafde32ab3a6f28c, type: 3}
  m_Type: 1
  m_PreserveAspect: 0
  m_FillCenter: 1
  m_FillMethod: 4
  m_FillAmount: 1
  m_FillClockwise: 1
  m_FillOrigin: 0
--- !u!222 &593358301
CanvasRenderer:
  m_ObjectHideFlags: 0
  m_PrefabParentObject: {fileID: 22287790, guid: f144c59660299fa419055b839803a19f,
    type: 2}
  m_PrefabInternal: {fileID: 133185807}
  m_GameObject: {fileID: 593358298}
--- !u!1 &602537814
GameObject:
  m_ObjectHideFlags: 0
  m_PrefabParentObject: {fileID: 187784, guid: f144c59660299fa419055b839803a19f, type: 2}
  m_PrefabInternal: {fileID: 133185807}
  serializedVersion: 4
  m_Component:
  - 224: {fileID: 602537815}
  - 222: {fileID: 602537817}
  - 114: {fileID: 602537816}
  m_Layer: 5
  m_Name: Icon
  m_TagString: Untagged
  m_Icon: {fileID: 0}
  m_NavMeshLayer: 0
  m_StaticEditorFlags: 0
  m_IsActive: 1
--- !u!224 &602537815
RectTransform:
  m_ObjectHideFlags: 0
  m_PrefabParentObject: {fileID: 22487784, guid: f144c59660299fa419055b839803a19f,
    type: 2}
  m_PrefabInternal: {fileID: 133185807}
  m_GameObject: {fileID: 602537814}
  m_LocalRotation: {x: 0, y: 0, z: 0, w: 1}
  m_LocalPosition: {x: 0, y: 0, z: 0}
  m_LocalScale: {x: 1, y: 1, z: 1}
  m_LocalEulerAnglesHint: {x: 0, y: 0, z: 0}
  m_Children: []
  m_Father: {fileID: 1826448646}
  m_RootOrder: 0
  m_AnchorMin: {x: 0.5, y: 0.5}
  m_AnchorMax: {x: 0.5, y: 0.5}
  m_AnchoredPosition: {x: 0, y: -0.00000035762787}
  m_SizeDelta: {x: 47, y: 36}
  m_Pivot: {x: 0.5, y: 0.5}
--- !u!114 &602537816
MonoBehaviour:
  m_ObjectHideFlags: 0
  m_PrefabParentObject: {fileID: 11487760, guid: f144c59660299fa419055b839803a19f,
    type: 2}
  m_PrefabInternal: {fileID: 133185807}
  m_GameObject: {fileID: 602537814}
  m_Enabled: 1
  m_EditorHideFlags: 0
  m_Script: {fileID: -765806418, guid: f5f67c52d1564df4a8936ccd202a3bd8, type: 3}
  m_Name: 
  m_EditorClassIdentifier: 
  m_Material: {fileID: 0}
  m_Color: {r: 1, g: 1, b: 1, a: 0.7372549}
  m_RaycastTarget: 1
  m_OnCullStateChanged:
    m_PersistentCalls:
      m_Calls: []
    m_TypeName: UnityEngine.UI.MaskableGraphic+CullStateChangedEvent, UnityEngine.UI,
      Version=1.0.0.0, Culture=neutral, PublicKeyToken=null
  m_Sprite: {fileID: 21300000, guid: 2222b18b0d78c429b86f29fc7a9be877, type: 3}
  m_Type: 0
  m_PreserveAspect: 0
  m_FillCenter: 1
  m_FillMethod: 4
  m_FillAmount: 1
  m_FillClockwise: 1
  m_FillOrigin: 0
--- !u!222 &602537817
CanvasRenderer:
  m_ObjectHideFlags: 0
  m_PrefabParentObject: {fileID: 22287784, guid: f144c59660299fa419055b839803a19f,
    type: 2}
  m_PrefabInternal: {fileID: 133185807}
  m_GameObject: {fileID: 602537814}
--- !u!1 &633461184
GameObject:
  m_ObjectHideFlags: 0
  m_PrefabParentObject: {fileID: 187798, guid: f144c59660299fa419055b839803a19f, type: 2}
  m_PrefabInternal: {fileID: 133185807}
  serializedVersion: 4
  m_Component:
  - 224: {fileID: 633461185}
  - 222: {fileID: 633461187}
  - 114: {fileID: 633461186}
  m_Layer: 5
  m_Name: Text
  m_TagString: Untagged
  m_Icon: {fileID: 0}
  m_NavMeshLayer: 0
  m_StaticEditorFlags: 0
  m_IsActive: 1
--- !u!224 &633461185
RectTransform:
  m_ObjectHideFlags: 0
  m_PrefabParentObject: {fileID: 22487798, guid: f144c59660299fa419055b839803a19f,
    type: 2}
  m_PrefabInternal: {fileID: 133185807}
  m_GameObject: {fileID: 633461184}
  m_LocalRotation: {x: 0, y: 0, z: 0, w: 1}
  m_LocalPosition: {x: 0, y: 0, z: 0}
  m_LocalScale: {x: 1, y: 1, z: 1}
  m_LocalEulerAnglesHint: {x: 0, y: 0, z: 0}
  m_Children: []
  m_Father: {fileID: 593358299}
  m_RootOrder: 1
  m_AnchorMin: {x: 0.5, y: 0.5}
  m_AnchorMax: {x: 0.5, y: 0.5}
  m_AnchoredPosition: {x: -243, y: 0}
  m_SizeDelta: {x: 32, y: 30}
  m_Pivot: {x: 0.5, y: 0.5}
--- !u!114 &633461186
MonoBehaviour:
  m_ObjectHideFlags: 0
  m_PrefabParentObject: {fileID: 11487778, guid: f144c59660299fa419055b839803a19f,
    type: 2}
  m_PrefabInternal: {fileID: 133185807}
  m_GameObject: {fileID: 633461184}
  m_Enabled: 1
  m_EditorHideFlags: 0
  m_Script: {fileID: 708705254, guid: f5f67c52d1564df4a8936ccd202a3bd8, type: 3}
  m_Name: 
  m_EditorClassIdentifier: 
  m_Material: {fileID: 0}
  m_Color: {r: 0.18382353, g: 0.18382353, b: 0.18382353, a: 0.827451}
  m_RaycastTarget: 1
  m_OnCullStateChanged:
    m_PersistentCalls:
      m_Calls: []
    m_TypeName: UnityEngine.UI.MaskableGraphic+CullStateChangedEvent, UnityEngine.UI,
      Version=1.0.0.0, Culture=neutral, PublicKeyToken=null
  m_FontData:
    m_Font: {fileID: 12800000, guid: 218956a5c2a6e42d6a60afccf80b002b, type: 3}
    m_FontSize: 16
    m_FontStyle: 0
    m_BestFit: 0
    m_MinSize: 10
    m_MaxSize: 40
    m_Alignment: 3
    m_AlignByGeometry: 0
    m_RichText: 1
    m_HorizontalOverflow: 0
    m_VerticalOverflow: 0
    m_LineSpacing: 1
  m_Text: Off
--- !u!222 &633461187
CanvasRenderer:
  m_ObjectHideFlags: 0
  m_PrefabParentObject: {fileID: 22287798, guid: f144c59660299fa419055b839803a19f,
    type: 2}
  m_PrefabInternal: {fileID: 133185807}
  m_GameObject: {fileID: 633461184}
--- !u!1 &738717381
GameObject:
  m_ObjectHideFlags: 0
  m_PrefabParentObject: {fileID: 187828, guid: f144c59660299fa419055b839803a19f, type: 2}
  m_PrefabInternal: {fileID: 133185807}
  serializedVersion: 4
  m_Component:
  - 224: {fileID: 738717386}
  - 223: {fileID: 738717385}
  - 114: {fileID: 738717384}
  - 114: {fileID: 738717383}
  - 222: {fileID: 738717382}
  m_Layer: 5
  m_Name: CameraApp_1
  m_TagString: Untagged
  m_Icon: {fileID: 0}
  m_NavMeshLayer: 0
  m_StaticEditorFlags: 0
  m_IsActive: 1
--- !u!222 &738717382
CanvasRenderer:
  m_ObjectHideFlags: 0
  m_PrefabParentObject: {fileID: 22287828, guid: f144c59660299fa419055b839803a19f,
    type: 2}
  m_PrefabInternal: {fileID: 133185807}
  m_GameObject: {fileID: 738717381}
--- !u!114 &738717383
MonoBehaviour:
  m_ObjectHideFlags: 0
  m_PrefabParentObject: {fileID: 11487818, guid: f144c59660299fa419055b839803a19f,
    type: 2}
  m_PrefabInternal: {fileID: 133185807}
  m_GameObject: {fileID: 738717381}
  m_Enabled: 1
  m_EditorHideFlags: 0
  m_Script: {fileID: 1301386320, guid: f5f67c52d1564df4a8936ccd202a3bd8, type: 3}
  m_Name: 
  m_EditorClassIdentifier: 
  m_IgnoreReversedGraphics: 1
  m_BlockingObjects: 0
  m_BlockingMask:
    serializedVersion: 2
    m_Bits: 4294967295
--- !u!114 &738717384
MonoBehaviour:
  m_ObjectHideFlags: 0
  m_PrefabParentObject: {fileID: 11487816, guid: f144c59660299fa419055b839803a19f,
    type: 2}
  m_PrefabInternal: {fileID: 133185807}
  m_GameObject: {fileID: 738717381}
  m_Enabled: 1
  m_EditorHideFlags: 0
  m_Script: {fileID: 1980459831, guid: f5f67c52d1564df4a8936ccd202a3bd8, type: 3}
  m_Name: 
  m_EditorClassIdentifier: 
  m_UiScaleMode: 1
  m_ReferencePixelsPerUnit: 100
  m_ScaleFactor: 1
  m_ReferenceResolution: {x: 640, y: 1136}
  m_ScreenMatchMode: 0
  m_MatchWidthOrHeight: 1
  m_PhysicalUnit: 3
  m_FallbackScreenDPI: 96
  m_DefaultSpriteDPI: 96
  m_DynamicPixelsPerUnit: 1
--- !u!223 &738717385
Canvas:
  m_ObjectHideFlags: 0
  m_PrefabParentObject: {fileID: 22387836, guid: f144c59660299fa419055b839803a19f,
    type: 2}
  m_PrefabInternal: {fileID: 133185807}
  m_GameObject: {fileID: 738717381}
  m_Enabled: 1
  serializedVersion: 2
  m_RenderMode: 0
  m_Camera: {fileID: 0}
  m_PlaneDistance: 100
  m_PixelPerfect: 1
  m_ReceivesEvents: 1
  m_OverrideSorting: 0
  m_OverridePixelPerfect: 0
  m_SortingBucketNormalizedSize: 0
  m_SortingLayerID: 0
  m_SortingOrder: 0
  m_TargetDisplay: 0
--- !u!224 &738717386
RectTransform:
  m_ObjectHideFlags: 0
  m_PrefabParentObject: {fileID: 22487828, guid: f144c59660299fa419055b839803a19f,
    type: 2}
  m_PrefabInternal: {fileID: 133185807}
  m_GameObject: {fileID: 738717381}
  m_LocalRotation: {x: 0, y: 0, z: 0, w: 1}
  m_LocalPosition: {x: 0, y: 0, z: 0}
  m_LocalScale: {x: 0, y: 0, z: 0}
  m_LocalEulerAnglesHint: {x: 0, y: 0, z: 0}
  m_Children:
  - {fileID: 1288316264}
  - {fileID: 269727120}
  m_Father: {fileID: 0}
  m_RootOrder: 0
  m_AnchorMin: {x: 0, y: 0}
  m_AnchorMax: {x: 0, y: 0}
  m_AnchoredPosition: {x: 0, y: 0}
  m_SizeDelta: {x: 0, y: 0}
  m_Pivot: {x: 0, y: 0}
--- !u!1 &754459272
GameObject:
  m_ObjectHideFlags: 0
  m_PrefabParentObject: {fileID: 187812, guid: f144c59660299fa419055b839803a19f, type: 2}
  m_PrefabInternal: {fileID: 133185807}
  serializedVersion: 4
  m_Component:
  - 224: {fileID: 754459273}
  - 222: {fileID: 754459276}
  - 114: {fileID: 754459275}
  - 114: {fileID: 754459274}
  m_Layer: 5
  m_Name: Button
  m_TagString: Untagged
  m_Icon: {fileID: 0}
  m_NavMeshLayer: 0
  m_StaticEditorFlags: 0
  m_IsActive: 1
--- !u!224 &754459273
RectTransform:
  m_ObjectHideFlags: 0
  m_PrefabParentObject: {fileID: 22487812, guid: f144c59660299fa419055b839803a19f,
    type: 2}
  m_PrefabInternal: {fileID: 133185807}
  m_GameObject: {fileID: 754459272}
  m_LocalRotation: {x: 0, y: 0, z: 0, w: 1}
  m_LocalPosition: {x: 0, y: 0, z: 0}
  m_LocalScale: {x: 1, y: 1, z: 1}
  m_LocalEulerAnglesHint: {x: 0, y: 0, z: 0}
  m_Children: []
  m_Father: {fileID: 593358299}
  m_RootOrder: 0
  m_AnchorMin: {x: 0.5, y: 0.5}
  m_AnchorMax: {x: 0.5, y: 0.5}
  m_AnchoredPosition: {x: -280.1, y: 0}
  m_SizeDelta: {x: 22, y: 39.1}
  m_Pivot: {x: 0.5, y: 0.5}
--- !u!114 &754459274
MonoBehaviour:
  m_ObjectHideFlags: 0
  m_PrefabParentObject: {fileID: 11487796, guid: f144c59660299fa419055b839803a19f,
    type: 2}
  m_PrefabInternal: {fileID: 133185807}
  m_GameObject: {fileID: 754459272}
  m_Enabled: 1
  m_EditorHideFlags: 0
  m_Script: {fileID: 1392445389, guid: f5f67c52d1564df4a8936ccd202a3bd8, type: 3}
  m_Name: 
  m_EditorClassIdentifier: 
  m_Navigation:
    m_Mode: 3
    m_SelectOnUp: {fileID: 0}
    m_SelectOnDown: {fileID: 0}
    m_SelectOnLeft: {fileID: 0}
    m_SelectOnRight: {fileID: 0}
  m_Transition: 1
  m_Colors:
    m_NormalColor: {r: 1, g: 1, b: 1, a: 1}
    m_HighlightedColor: {r: 0.9607843, g: 0.9607843, b: 0.9607843, a: 1}
    m_PressedColor: {r: 0.78431374, g: 0.78431374, b: 0.78431374, a: 1}
    m_DisabledColor: {r: 0.78431374, g: 0.78431374, b: 0.78431374, a: 0.5019608}
    m_ColorMultiplier: 1
    m_FadeDuration: 0.1
  m_SpriteState:
    m_HighlightedSprite: {fileID: 0}
    m_PressedSprite: {fileID: 0}
    m_DisabledSprite: {fileID: 0}
  m_AnimationTriggers:
    m_NormalTrigger: Normal
    m_HighlightedTrigger: Highlighted
    m_PressedTrigger: Pressed
    m_DisabledTrigger: Disabled
  m_Interactable: 1
  m_TargetGraphic: {fileID: 754459275}
  m_OnClick:
    m_PersistentCalls:
      m_Calls: []
    m_TypeName: UnityEngine.UI.Button+ButtonClickedEvent, UnityEngine.UI, Version=1.0.0.0,
      Culture=neutral, PublicKeyToken=null
--- !u!114 &754459275
MonoBehaviour:
  m_ObjectHideFlags: 0
  m_PrefabParentObject: {fileID: 11487794, guid: f144c59660299fa419055b839803a19f,
    type: 2}
  m_PrefabInternal: {fileID: 133185807}
  m_GameObject: {fileID: 754459272}
  m_Enabled: 1
  m_EditorHideFlags: 0
  m_Script: {fileID: -765806418, guid: f5f67c52d1564df4a8936ccd202a3bd8, type: 3}
  m_Name: 
  m_EditorClassIdentifier: 
  m_Material: {fileID: 0}
  m_Color: {r: 0.18382353, g: 0.18382353, b: 0.18382353, a: 0.827451}
  m_RaycastTarget: 1
  m_OnCullStateChanged:
    m_PersistentCalls:
      m_Calls: []
    m_TypeName: UnityEngine.UI.MaskableGraphic+CullStateChangedEvent, UnityEngine.UI,
      Version=1.0.0.0, Culture=neutral, PublicKeyToken=null
  m_Sprite: {fileID: 21300000, guid: 808ccd6b57b92481eb8234406b711bd1, type: 3}
  m_Type: 0
  m_PreserveAspect: 0
  m_FillCenter: 1
  m_FillMethod: 4
  m_FillAmount: 1
  m_FillClockwise: 1
  m_FillOrigin: 0
--- !u!222 &754459276
CanvasRenderer:
  m_ObjectHideFlags: 0
  m_PrefabParentObject: {fileID: 22287812, guid: f144c59660299fa419055b839803a19f,
    type: 2}
  m_PrefabInternal: {fileID: 133185807}
  m_GameObject: {fileID: 754459272}
--- !u!1 &805749201
GameObject:
  m_ObjectHideFlags: 0
  m_PrefabParentObject: {fileID: 187804, guid: f144c59660299fa419055b839803a19f, type: 2}
  m_PrefabInternal: {fileID: 133185807}
  serializedVersion: 4
  m_Component:
  - 224: {fileID: 805749202}
  - 222: {fileID: 805749204}
  - 114: {fileID: 805749203}
  m_Layer: 5
  m_Name: Text
  m_TagString: Untagged
  m_Icon: {fileID: 0}
  m_NavMeshLayer: 0
  m_StaticEditorFlags: 0
  m_IsActive: 1
--- !u!224 &805749202
RectTransform:
  m_ObjectHideFlags: 0
  m_PrefabParentObject: {fileID: 22487804, guid: f144c59660299fa419055b839803a19f,
    type: 2}
  m_PrefabInternal: {fileID: 133185807}
  m_GameObject: {fileID: 805749201}
  m_LocalRotation: {x: 0, y: 0, z: 0, w: 1}
  m_LocalPosition: {x: 0, y: 0, z: 0}
  m_LocalScale: {x: 1, y: 1, z: 1}
  m_LocalEulerAnglesHint: {x: 0, y: 0, z: 0}
  m_Children: []
  m_Father: {fileID: 1998084389}
  m_RootOrder: 3
  m_AnchorMin: {x: 0.5, y: 0.5}
  m_AnchorMax: {x: 0.5, y: 0.5}
  m_AnchoredPosition: {x: 0.000022172928, y: -0.9399419}
  m_SizeDelta: {x: 63, y: 30}
  m_Pivot: {x: 0.5, y: 0.5}
--- !u!114 &805749203
MonoBehaviour:
  m_ObjectHideFlags: 0
  m_PrefabParentObject: {fileID: 11487784, guid: f144c59660299fa419055b839803a19f,
    type: 2}
  m_PrefabInternal: {fileID: 133185807}
  m_GameObject: {fileID: 805749201}
  m_Enabled: 1
  m_EditorHideFlags: 0
  m_Script: {fileID: 708705254, guid: f5f67c52d1564df4a8936ccd202a3bd8, type: 3}
  m_Name: 
  m_EditorClassIdentifier: 
  m_Material: {fileID: 0}
  m_Color: {r: 0.03676468, g: 0.03676468, b: 0.03676468, a: 0.827451}
  m_RaycastTarget: 1
  m_OnCullStateChanged:
    m_PersistentCalls:
      m_Calls: []
    m_TypeName: UnityEngine.UI.MaskableGraphic+CullStateChangedEvent, UnityEngine.UI,
      Version=1.0.0.0, Culture=neutral, PublicKeyToken=null
  m_FontData:
    m_Font: {fileID: 12800000, guid: 218956a5c2a6e42d6a60afccf80b002b, type: 3}
    m_FontSize: 16
    m_FontStyle: 0
    m_BestFit: 0
    m_MinSize: 10
    m_MaxSize: 40
    m_Alignment: 4
    m_AlignByGeometry: 0
    m_RichText: 1
    m_HorizontalOverflow: 0
    m_VerticalOverflow: 0
    m_LineSpacing: 1
  m_Text: ISO 600
--- !u!222 &805749204
CanvasRenderer:
  m_ObjectHideFlags: 0
  m_PrefabParentObject: {fileID: 22287804, guid: f144c59660299fa419055b839803a19f,
    type: 2}
  m_PrefabInternal: {fileID: 133185807}
  m_GameObject: {fileID: 805749201}
--- !u!1 &848710098
GameObject:
  m_ObjectHideFlags: 0
  m_PrefabParentObject: {fileID: 187834, guid: f144c59660299fa419055b839803a19f, type: 2}
  m_PrefabInternal: {fileID: 133185807}
  serializedVersion: 4
  m_Component:
  - 224: {fileID: 848710099}
  - 222: {fileID: 848710102}
  - 114: {fileID: 848710101}
  - 114: {fileID: 848710100}
  m_Layer: 5
  m_Name: Button
  m_TagString: Untagged
  m_Icon: {fileID: 0}
  m_NavMeshLayer: 0
  m_StaticEditorFlags: 0
  m_IsActive: 1
--- !u!224 &848710099
RectTransform:
  m_ObjectHideFlags: 0
  m_PrefabParentObject: {fileID: 22487834, guid: f144c59660299fa419055b839803a19f,
    type: 2}
  m_PrefabInternal: {fileID: 133185807}
  m_GameObject: {fileID: 848710098}
  m_LocalRotation: {x: 0, y: 0, z: 0, w: 1}
  m_LocalPosition: {x: 0, y: 0, z: 0}
  m_LocalScale: {x: 1, y: 1, z: 1}
  m_LocalEulerAnglesHint: {x: 0, y: 0, z: 0}
  m_Children:
  - {fileID: 133357938}
  m_Father: {fileID: 269727120}
  m_RootOrder: 2
  m_AnchorMin: {x: 0.5, y: 0.5}
  m_AnchorMax: {x: 0.5, y: 0.5}
  m_AnchoredPosition: {x: -213.33, y: -475}
  m_SizeDelta: {x: 213.3333, y: 186}
  m_Pivot: {x: 0.5, y: 0.5}
--- !u!114 &848710100
MonoBehaviour:
  m_ObjectHideFlags: 0
  m_PrefabParentObject: {fileID: 11487832, guid: f144c59660299fa419055b839803a19f,
    type: 2}
  m_PrefabInternal: {fileID: 133185807}
  m_GameObject: {fileID: 848710098}
  m_Enabled: 1
  m_EditorHideFlags: 0
  m_Script: {fileID: 1392445389, guid: f5f67c52d1564df4a8936ccd202a3bd8, type: 3}
  m_Name: 
  m_EditorClassIdentifier: 
  m_Navigation:
    m_Mode: 3
    m_SelectOnUp: {fileID: 0}
    m_SelectOnDown: {fileID: 0}
    m_SelectOnLeft: {fileID: 0}
    m_SelectOnRight: {fileID: 0}
  m_Transition: 1
  m_Colors:
    m_NormalColor: {r: 1, g: 1, b: 1, a: 1}
    m_HighlightedColor: {r: 0.9607843, g: 0.9607843, b: 0.9607843, a: 1}
    m_PressedColor: {r: 0.78431374, g: 0.78431374, b: 0.78431374, a: 1}
    m_DisabledColor: {r: 0.78431374, g: 0.78431374, b: 0.78431374, a: 0.5019608}
    m_ColorMultiplier: 1
    m_FadeDuration: 0.1
  m_SpriteState:
    m_HighlightedSprite: {fileID: 0}
    m_PressedSprite: {fileID: 0}
    m_DisabledSprite: {fileID: 0}
  m_AnimationTriggers:
    m_NormalTrigger: Normal
    m_HighlightedTrigger: Highlighted
    m_PressedTrigger: Pressed
    m_DisabledTrigger: Disabled
  m_Interactable: 1
  m_TargetGraphic: {fileID: 848710101}
  m_OnClick:
    m_PersistentCalls:
      m_Calls: []
    m_TypeName: UnityEngine.UI.Button+ButtonClickedEvent, UnityEngine.UI, Version=1.0.0.0,
      Culture=neutral, PublicKeyToken=null
--- !u!114 &848710101
MonoBehaviour:
  m_ObjectHideFlags: 0
  m_PrefabParentObject: {fileID: 11487826, guid: f144c59660299fa419055b839803a19f,
    type: 2}
  m_PrefabInternal: {fileID: 133185807}
  m_GameObject: {fileID: 848710098}
  m_Enabled: 1
  m_EditorHideFlags: 0
  m_Script: {fileID: -765806418, guid: f5f67c52d1564df4a8936ccd202a3bd8, type: 3}
  m_Name: 
  m_EditorClassIdentifier: 
  m_Material: {fileID: 0}
  m_Color: {r: 0.1102941, g: 0.1102941, b: 0.1102941, a: 0.94509804}
  m_RaycastTarget: 1
  m_OnCullStateChanged:
    m_PersistentCalls:
      m_Calls: []
    m_TypeName: UnityEngine.UI.MaskableGraphic+CullStateChangedEvent, UnityEngine.UI,
      Version=1.0.0.0, Culture=neutral, PublicKeyToken=null
  m_Sprite: {fileID: 21300000, guid: 7ed1238760b863f4aafde32ab3a6f28c, type: 3}
  m_Type: 1
  m_PreserveAspect: 0
  m_FillCenter: 1
  m_FillMethod: 4
  m_FillAmount: 1
  m_FillClockwise: 1
  m_FillOrigin: 0
--- !u!222 &848710102
CanvasRenderer:
  m_ObjectHideFlags: 0
  m_PrefabParentObject: {fileID: 22287834, guid: f144c59660299fa419055b839803a19f,
    type: 2}
  m_PrefabInternal: {fileID: 133185807}
  m_GameObject: {fileID: 848710098}
--- !u!1 &1082734399
GameObject:
  m_ObjectHideFlags: 0
  m_PrefabParentObject: {fileID: 187820, guid: f144c59660299fa419055b839803a19f, type: 2}
  m_PrefabInternal: {fileID: 133185807}
  serializedVersion: 4
  m_Component:
  - 224: {fileID: 1082734400}
  - 222: {fileID: 1082734403}
  - 114: {fileID: 1082734402}
  - 114: {fileID: 1082734401}
  m_Layer: 5
  m_Name: Overlay Focus
  m_TagString: Untagged
  m_Icon: {fileID: 0}
  m_NavMeshLayer: 0
  m_StaticEditorFlags: 0
  m_IsActive: 1
--- !u!224 &1082734400
RectTransform:
  m_ObjectHideFlags: 0
  m_PrefabParentObject: {fileID: 22487820, guid: f144c59660299fa419055b839803a19f,
    type: 2}
  m_PrefabInternal: {fileID: 133185807}
  m_GameObject: {fileID: 1082734399}
  m_LocalRotation: {x: 0, y: 0, z: 0, w: 1}
  m_LocalPosition: {x: 0, y: 0, z: 0}
  m_LocalScale: {x: 1, y: 1, z: 1}
  m_LocalEulerAnglesHint: {x: 0, y: 0, z: 0}
  m_Children: []
  m_Father: {fileID: 269727120}
  m_RootOrder: 6
  m_AnchorMin: {x: 0.5, y: 0.5}
  m_AnchorMax: {x: 0.5, y: 0.5}
  m_AnchoredPosition: {x: 0, y: 95}
  m_SizeDelta: {x: 136, y: 136}
  m_Pivot: {x: 0.5, y: 0.5}
--- !u!114 &1082734401
MonoBehaviour:
  m_ObjectHideFlags: 0
  m_PrefabParentObject: {fileID: 11487808, guid: f144c59660299fa419055b839803a19f,
    type: 2}
  m_PrefabInternal: {fileID: 133185807}
  m_GameObject: {fileID: 1082734399}
  m_Enabled: 1
  m_EditorHideFlags: 0
  m_Script: {fileID: 1392445389, guid: f5f67c52d1564df4a8936ccd202a3bd8, type: 3}
  m_Name: 
  m_EditorClassIdentifier: 
  m_Navigation:
    m_Mode: 3
    m_SelectOnUp: {fileID: 0}
    m_SelectOnDown: {fileID: 0}
    m_SelectOnLeft: {fileID: 0}
    m_SelectOnRight: {fileID: 0}
  m_Transition: 1
  m_Colors:
    m_NormalColor: {r: 1, g: 1, b: 1, a: 1}
    m_HighlightedColor: {r: 0.9607843, g: 0.9607843, b: 0.9607843, a: 1}
    m_PressedColor: {r: 0.78431374, g: 0.78431374, b: 0.78431374, a: 1}
    m_DisabledColor: {r: 0.78431374, g: 0.78431374, b: 0.78431374, a: 0.5019608}
    m_ColorMultiplier: 1
    m_FadeDuration: 0.1
  m_SpriteState:
    m_HighlightedSprite: {fileID: 0}
    m_PressedSprite: {fileID: 0}
    m_DisabledSprite: {fileID: 0}
  m_AnimationTriggers:
    m_NormalTrigger: Normal
    m_HighlightedTrigger: Highlighted
    m_PressedTrigger: Pressed
    m_DisabledTrigger: Disabled
  m_Interactable: 1
  m_TargetGraphic: {fileID: 1082734402}
  m_OnClick:
    m_PersistentCalls:
      m_Calls: []
    m_TypeName: UnityEngine.UI.Button+ButtonClickedEvent, UnityEngine.UI, Version=1.0.0.0,
      Culture=neutral, PublicKeyToken=null
--- !u!114 &1082734402
MonoBehaviour:
  m_ObjectHideFlags: 0
  m_PrefabParentObject: {fileID: 11487806, guid: f144c59660299fa419055b839803a19f,
    type: 2}
  m_PrefabInternal: {fileID: 133185807}
  m_GameObject: {fileID: 1082734399}
  m_Enabled: 1
  m_EditorHideFlags: 0
  m_Script: {fileID: -765806418, guid: f5f67c52d1564df4a8936ccd202a3bd8, type: 3}
  m_Name: 
  m_EditorClassIdentifier: 
  m_Material: {fileID: 0}
  m_Color: {r: 0.9632353, g: 0.9632353, b: 0.9632353, a: 0.6313726}
  m_RaycastTarget: 1
  m_OnCullStateChanged:
    m_PersistentCalls:
      m_Calls: []
    m_TypeName: UnityEngine.UI.MaskableGraphic+CullStateChangedEvent, UnityEngine.UI,
      Version=1.0.0.0, Culture=neutral, PublicKeyToken=null
  m_Sprite: {fileID: 21300000, guid: 452dadc4ea87d1d4ca95604befac3fce, type: 3}
  m_Type: 0
  m_PreserveAspect: 0
  m_FillCenter: 1
  m_FillMethod: 4
  m_FillAmount: 1
  m_FillClockwise: 1
  m_FillOrigin: 0
--- !u!222 &1082734403
CanvasRenderer:
  m_ObjectHideFlags: 0
  m_PrefabParentObject: {fileID: 22287820, guid: f144c59660299fa419055b839803a19f,
    type: 2}
  m_PrefabInternal: {fileID: 133185807}
  m_GameObject: {fileID: 1082734399}
--- !u!1 &1167756952
GameObject:
  m_ObjectHideFlags: 0
  m_PrefabParentObject: {fileID: 187800, guid: f144c59660299fa419055b839803a19f, type: 2}
  m_PrefabInternal: {fileID: 133185807}
  serializedVersion: 4
  m_Component:
  - 224: {fileID: 1167756953}
  - 222: {fileID: 1167756955}
  - 114: {fileID: 1167756954}
  m_Layer: 5
  m_Name: Icon
  m_TagString: Untagged
  m_Icon: {fileID: 0}
  m_NavMeshLayer: 0
  m_StaticEditorFlags: 0
  m_IsActive: 1
--- !u!224 &1167756953
RectTransform:
  m_ObjectHideFlags: 0
  m_PrefabParentObject: {fileID: 22487800, guid: f144c59660299fa419055b839803a19f,
    type: 2}
  m_PrefabInternal: {fileID: 133185807}
  m_GameObject: {fileID: 1167756952}
  m_LocalRotation: {x: 0, y: 0, z: 0, w: 1}
  m_LocalPosition: {x: 0, y: 0, z: 0}
  m_LocalScale: {x: 1, y: 1, z: 1}
  m_LocalEulerAnglesHint: {x: 0, y: 0, z: 0}
  m_Children: []
  m_Father: {fileID: 1175534924}
  m_RootOrder: 0
  m_AnchorMin: {x: 0.5, y: 0.5}
  m_AnchorMax: {x: 0.5, y: 0.5}
  m_AnchoredPosition: {x: 0, y: -0.00000035762787}
  m_SizeDelta: {x: 47, y: 43}
  m_Pivot: {x: 0.5, y: 0.5}
--- !u!114 &1167756954
MonoBehaviour:
  m_ObjectHideFlags: 0
  m_PrefabParentObject: {fileID: 11487780, guid: f144c59660299fa419055b839803a19f,
    type: 2}
  m_PrefabInternal: {fileID: 133185807}
  m_GameObject: {fileID: 1167756952}
  m_Enabled: 1
  m_EditorHideFlags: 0
  m_Script: {fileID: -765806418, guid: f5f67c52d1564df4a8936ccd202a3bd8, type: 3}
  m_Name: 
  m_EditorClassIdentifier: 
  m_Material: {fileID: 0}
  m_Color: {r: 1, g: 1, b: 1, a: 0.7372549}
  m_RaycastTarget: 1
  m_OnCullStateChanged:
    m_PersistentCalls:
      m_Calls: []
    m_TypeName: UnityEngine.UI.MaskableGraphic+CullStateChangedEvent, UnityEngine.UI,
      Version=1.0.0.0, Culture=neutral, PublicKeyToken=null
  m_Sprite: {fileID: 21300000, guid: 97f706a7ab09d4e0c9108cd271deb94b, type: 3}
  m_Type: 0
  m_PreserveAspect: 0
  m_FillCenter: 1
  m_FillMethod: 4
  m_FillAmount: 1
  m_FillClockwise: 1
  m_FillOrigin: 0
--- !u!222 &1167756955
CanvasRenderer:
  m_ObjectHideFlags: 0
  m_PrefabParentObject: {fileID: 22287800, guid: f144c59660299fa419055b839803a19f,
    type: 2}
  m_PrefabInternal: {fileID: 133185807}
  m_GameObject: {fileID: 1167756952}
--- !u!1 &1175534923
GameObject:
  m_ObjectHideFlags: 0
  m_PrefabParentObject: {fileID: 187822, guid: f144c59660299fa419055b839803a19f, type: 2}
  m_PrefabInternal: {fileID: 133185807}
  serializedVersion: 4
  m_Component:
  - 224: {fileID: 1175534924}
  - 222: {fileID: 1175534927}
  - 114: {fileID: 1175534926}
  - 114: {fileID: 1175534925}
  m_Layer: 5
  m_Name: Button
  m_TagString: Untagged
  m_Icon: {fileID: 0}
  m_NavMeshLayer: 0
  m_StaticEditorFlags: 0
  m_IsActive: 1
--- !u!224 &1175534924
RectTransform:
  m_ObjectHideFlags: 0
  m_PrefabParentObject: {fileID: 22487822, guid: f144c59660299fa419055b839803a19f,
    type: 2}
  m_PrefabInternal: {fileID: 133185807}
  m_GameObject: {fileID: 1175534923}
  m_LocalRotation: {x: 0, y: 0, z: 0, w: 1}
  m_LocalPosition: {x: 0, y: 0, z: 0}
  m_LocalScale: {x: 1, y: 1, z: 1}
  m_LocalEulerAnglesHint: {x: 0, y: 0, z: 0}
  m_Children:
  - {fileID: 1167756953}
  m_Father: {fileID: 269727120}
  m_RootOrder: 3
  m_AnchorMin: {x: 0.5, y: 0.5}
  m_AnchorMax: {x: 0.5, y: 0.5}
  m_AnchoredPosition: {x: 213.33, y: -475}
  m_SizeDelta: {x: 213.3333, y: 186}
  m_Pivot: {x: 0.5, y: 0.5}
--- !u!114 &1175534925
MonoBehaviour:
  m_ObjectHideFlags: 0
  m_PrefabParentObject: {fileID: 11487836, guid: f144c59660299fa419055b839803a19f,
    type: 2}
  m_PrefabInternal: {fileID: 133185807}
  m_GameObject: {fileID: 1175534923}
  m_Enabled: 1
  m_EditorHideFlags: 0
  m_Script: {fileID: 1392445389, guid: f5f67c52d1564df4a8936ccd202a3bd8, type: 3}
  m_Name: 
  m_EditorClassIdentifier: 
  m_Navigation:
    m_Mode: 3
    m_SelectOnUp: {fileID: 0}
    m_SelectOnDown: {fileID: 0}
    m_SelectOnLeft: {fileID: 0}
    m_SelectOnRight: {fileID: 0}
  m_Transition: 1
  m_Colors:
    m_NormalColor: {r: 1, g: 1, b: 1, a: 1}
    m_HighlightedColor: {r: 0.9607843, g: 0.9607843, b: 0.9607843, a: 1}
    m_PressedColor: {r: 0.78431374, g: 0.78431374, b: 0.78431374, a: 1}
    m_DisabledColor: {r: 0.78431374, g: 0.78431374, b: 0.78431374, a: 0.5019608}
    m_ColorMultiplier: 1
    m_FadeDuration: 0.1
  m_SpriteState:
    m_HighlightedSprite: {fileID: 0}
    m_PressedSprite: {fileID: 0}
    m_DisabledSprite: {fileID: 0}
  m_AnimationTriggers:
    m_NormalTrigger: Normal
    m_HighlightedTrigger: Highlighted
    m_PressedTrigger: Pressed
    m_DisabledTrigger: Disabled
  m_Interactable: 1
  m_TargetGraphic: {fileID: 1175534926}
  m_OnClick:
    m_PersistentCalls:
      m_Calls: []
    m_TypeName: UnityEngine.UI.Button+ButtonClickedEvent, UnityEngine.UI, Version=1.0.0.0,
      Culture=neutral, PublicKeyToken=null
--- !u!114 &1175534926
MonoBehaviour:
  m_ObjectHideFlags: 0
  m_PrefabParentObject: {fileID: 11487810, guid: f144c59660299fa419055b839803a19f,
    type: 2}
  m_PrefabInternal: {fileID: 133185807}
  m_GameObject: {fileID: 1175534923}
  m_Enabled: 1
  m_EditorHideFlags: 0
  m_Script: {fileID: -765806418, guid: f5f67c52d1564df4a8936ccd202a3bd8, type: 3}
  m_Name: 
  m_EditorClassIdentifier: 
  m_Material: {fileID: 0}
  m_Color: {r: 0.1102941, g: 0.1102941, b: 0.1102941, a: 0.94509804}
  m_RaycastTarget: 1
  m_OnCullStateChanged:
    m_PersistentCalls:
      m_Calls: []
    m_TypeName: UnityEngine.UI.MaskableGraphic+CullStateChangedEvent, UnityEngine.UI,
      Version=1.0.0.0, Culture=neutral, PublicKeyToken=null
  m_Sprite: {fileID: 21300000, guid: 7ed1238760b863f4aafde32ab3a6f28c, type: 3}
  m_Type: 1
  m_PreserveAspect: 0
  m_FillCenter: 1
  m_FillMethod: 4
  m_FillAmount: 1
  m_FillClockwise: 1
  m_FillOrigin: 0
--- !u!222 &1175534927
CanvasRenderer:
  m_ObjectHideFlags: 0
  m_PrefabParentObject: {fileID: 22287822, guid: f144c59660299fa419055b839803a19f,
    type: 2}
  m_PrefabInternal: {fileID: 133185807}
  m_GameObject: {fileID: 1175534923}
--- !u!1 &1188877550
GameObject:
  m_ObjectHideFlags: 0
  m_PrefabParentObject: {fileID: 187824, guid: f144c59660299fa419055b839803a19f, type: 2}
  m_PrefabInternal: {fileID: 133185807}
  serializedVersion: 4
  m_Component:
  - 224: {fileID: 1188877551}
  - 222: {fileID: 1188877553}
  - 114: {fileID: 1188877552}
  m_Layer: 5
  m_Name: Lines
  m_TagString: Untagged
  m_Icon: {fileID: 0}
  m_NavMeshLayer: 0
  m_StaticEditorFlags: 0
  m_IsActive: 1
--- !u!224 &1188877551
RectTransform:
  m_ObjectHideFlags: 0
  m_PrefabParentObject: {fileID: 22487824, guid: f144c59660299fa419055b839803a19f,
    type: 2}
  m_PrefabInternal: {fileID: 133185807}
  m_GameObject: {fileID: 1188877550}
  m_LocalRotation: {x: 0, y: 0, z: 0, w: 1}
  m_LocalPosition: {x: 0, y: 0, z: 0}
  m_LocalScale: {x: 1, y: 1, z: 1}
  m_LocalEulerAnglesHint: {x: 0, y: 0, z: 0}
  m_Children: []
  m_Father: {fileID: 269727120}
  m_RootOrder: 7
  m_AnchorMin: {x: 0.5, y: 0.5}
  m_AnchorMax: {x: 0.5, y: 0.5}
  m_AnchoredPosition: {x: -106.55, y: -475}
  m_SizeDelta: {x: 1, y: 186}
  m_Pivot: {x: 0.5, y: 0.5}
--- !u!114 &1188877552
MonoBehaviour:
  m_ObjectHideFlags: 0
  m_PrefabParentObject: {fileID: 11487812, guid: f144c59660299fa419055b839803a19f,
    type: 2}
  m_PrefabInternal: {fileID: 133185807}
  m_GameObject: {fileID: 1188877550}
  m_Enabled: 1
  m_EditorHideFlags: 0
  m_Script: {fileID: -765806418, guid: f5f67c52d1564df4a8936ccd202a3bd8, type: 3}
  m_Name: 
  m_EditorClassIdentifier: 
  m_Material: {fileID: 0}
  m_Color: {r: 0.9632353, g: 0.9632353, b: 0.9632353, a: 0.1254902}
  m_RaycastTarget: 1
  m_OnCullStateChanged:
    m_PersistentCalls:
      m_Calls: []
    m_TypeName: UnityEngine.UI.MaskableGraphic+CullStateChangedEvent, UnityEngine.UI,
      Version=1.0.0.0, Culture=neutral, PublicKeyToken=null
  m_Sprite: {fileID: 21300000, guid: 7ed1238760b863f4aafde32ab3a6f28c, type: 3}
  m_Type: 1
  m_PreserveAspect: 0
  m_FillCenter: 1
  m_FillMethod: 4
  m_FillAmount: 1
  m_FillClockwise: 1
  m_FillOrigin: 0
--- !u!222 &1188877553
CanvasRenderer:
  m_ObjectHideFlags: 0
  m_PrefabParentObject: {fileID: 22287824, guid: f144c59660299fa419055b839803a19f,
    type: 2}
  m_PrefabInternal: {fileID: 133185807}
  m_GameObject: {fileID: 1188877550}
--- !u!1 &1288316263
GameObject:
  m_ObjectHideFlags: 0
  m_PrefabParentObject: {fileID: 187802, guid: f144c59660299fa419055b839803a19f, type: 2}
  m_PrefabInternal: {fileID: 133185807}
  serializedVersion: 4
  m_Component:
  - 224: {fileID: 1288316264}
  - 222: {fileID: 1288316266}
  - 114: {fileID: 1288316265}
  m_Layer: 5
  m_Name: AppTitle
  m_TagString: Untagged
  m_Icon: {fileID: 0}
  m_NavMeshLayer: 0
  m_StaticEditorFlags: 0
  m_IsActive: 1
--- !u!224 &1288316264
RectTransform:
  m_ObjectHideFlags: 0
  m_PrefabParentObject: {fileID: 22487802, guid: f144c59660299fa419055b839803a19f,
    type: 2}
  m_PrefabInternal: {fileID: 133185807}
  m_GameObject: {fileID: 1288316263}
  m_LocalRotation: {x: 0, y: 0, z: 0, w: 1}
  m_LocalPosition: {x: 0, y: 0, z: 0}
  m_LocalScale: {x: 1, y: 1, z: 1}
  m_LocalEulerAnglesHint: {x: 0, y: 0, z: 0}
  m_Children:
  - {fileID: 400625606}
  m_Father: {fileID: 738717386}
  m_RootOrder: 0
  m_AnchorMin: {x: 0.5, y: 0.5}
  m_AnchorMax: {x: 0.5, y: 0.5}
  m_AnchoredPosition: {x: 28, y: 679}
  m_SizeDelta: {x: 695, y: 109}
  m_Pivot: {x: 0.5, y: 0.5}
--- !u!114 &1288316265
MonoBehaviour:
  m_ObjectHideFlags: 0
  m_PrefabParentObject: {fileID: 11487782, guid: f144c59660299fa419055b839803a19f,
    type: 2}
  m_PrefabInternal: {fileID: 133185807}
  m_GameObject: {fileID: 1288316263}
  m_Enabled: 1
  m_EditorHideFlags: 0
  m_Script: {fileID: 708705254, guid: f5f67c52d1564df4a8936ccd202a3bd8, type: 3}
  m_Name: 
  m_EditorClassIdentifier: 
  m_Material: {fileID: 0}
  m_Color: {r: 0.85490197, g: 0.85490197, b: 0.85490197, a: 1}
  m_RaycastTarget: 1
  m_OnCullStateChanged:
    m_PersistentCalls:
      m_Calls: []
    m_TypeName: UnityEngine.UI.MaskableGraphic+CullStateChangedEvent, UnityEngine.UI,
      Version=1.0.0.0, Culture=neutral, PublicKeyToken=null
  m_FontData:
    m_Font: {fileID: 12800000, guid: 218956a5c2a6e42d6a60afccf80b002b, type: 3}
    m_FontSize: 100
    m_FontStyle: 0
    m_BestFit: 0
    m_MinSize: 10
    m_MaxSize: 100
    m_Alignment: 0
    m_AlignByGeometry: 0
    m_RichText: 1
    m_HorizontalOverflow: 0
    m_VerticalOverflow: 1
    m_LineSpacing: 1
  m_Text: 'CAMERA '
--- !u!222 &1288316266
CanvasRenderer:
  m_ObjectHideFlags: 0
  m_PrefabParentObject: {fileID: 22287802, guid: f144c59660299fa419055b839803a19f,
    type: 2}
  m_PrefabInternal: {fileID: 133185807}
  m_GameObject: {fileID: 1288316263}
--- !u!1 &1399556141
GameObject:
  m_ObjectHideFlags: 0
  m_PrefabParentObject: {fileID: 187816, guid: f144c59660299fa419055b839803a19f, type: 2}
  m_PrefabInternal: {fileID: 133185807}
  serializedVersion: 4
  m_Component:
  - 224: {fileID: 1399556142}
  - 222: {fileID: 1399556145}
  - 114: {fileID: 1399556144}
  - 114: {fileID: 1399556143}
  m_Layer: 5
  m_Name: Button
  m_TagString: Untagged
  m_Icon: {fileID: 0}
  m_NavMeshLayer: 0
  m_StaticEditorFlags: 0
  m_IsActive: 1
--- !u!224 &1399556142
RectTransform:
  m_ObjectHideFlags: 0
  m_PrefabParentObject: {fileID: 22487816, guid: f144c59660299fa419055b839803a19f,
    type: 2}
  m_PrefabInternal: {fileID: 133185807}
  m_GameObject: {fileID: 1399556141}
  m_LocalRotation: {x: 0, y: 0, z: 0, w: 1}
  m_LocalPosition: {x: 0, y: 0, z: 0}
  m_LocalScale: {x: 1, y: 1, z: 1}
  m_LocalEulerAnglesHint: {x: 0, y: 0, z: 0}
  m_Children: []
  m_Father: {fileID: 593358299}
  m_RootOrder: 3
  m_AnchorMin: {x: 0.5, y: 0.5}
  m_AnchorMax: {x: 0.5, y: 0.5}
  m_AnchoredPosition: {x: 0, y: 0}
  m_SizeDelta: {x: 30, y: 30}
  m_Pivot: {x: 0.5, y: 0.5}
--- !u!114 &1399556143
MonoBehaviour:
  m_ObjectHideFlags: 0
  m_PrefabParentObject: {fileID: 11487802, guid: f144c59660299fa419055b839803a19f,
    type: 2}
  m_PrefabInternal: {fileID: 133185807}
  m_GameObject: {fileID: 1399556141}
  m_Enabled: 1
  m_EditorHideFlags: 0
  m_Script: {fileID: 1392445389, guid: f5f67c52d1564df4a8936ccd202a3bd8, type: 3}
  m_Name: 
  m_EditorClassIdentifier: 
  m_Navigation:
    m_Mode: 3
    m_SelectOnUp: {fileID: 0}
    m_SelectOnDown: {fileID: 0}
    m_SelectOnLeft: {fileID: 0}
    m_SelectOnRight: {fileID: 0}
  m_Transition: 1
  m_Colors:
    m_NormalColor: {r: 1, g: 1, b: 1, a: 1}
    m_HighlightedColor: {r: 0.9607843, g: 0.9607843, b: 0.9607843, a: 1}
    m_PressedColor: {r: 0.78431374, g: 0.78431374, b: 0.78431374, a: 1}
    m_DisabledColor: {r: 0.78431374, g: 0.78431374, b: 0.78431374, a: 0.5019608}
    m_ColorMultiplier: 1
    m_FadeDuration: 0.1
  m_SpriteState:
    m_HighlightedSprite: {fileID: 0}
    m_PressedSprite: {fileID: 0}
    m_DisabledSprite: {fileID: 0}
  m_AnimationTriggers:
    m_NormalTrigger: Normal
    m_HighlightedTrigger: Highlighted
    m_PressedTrigger: Pressed
    m_DisabledTrigger: Disabled
  m_Interactable: 1
  m_TargetGraphic: {fileID: 1399556144}
  m_OnClick:
    m_PersistentCalls:
      m_Calls: []
    m_TypeName: UnityEngine.UI.Button+ButtonClickedEvent, UnityEngine.UI, Version=1.0.0.0,
      Culture=neutral, PublicKeyToken=null
--- !u!114 &1399556144
MonoBehaviour:
  m_ObjectHideFlags: 0
  m_PrefabParentObject: {fileID: 11487800, guid: f144c59660299fa419055b839803a19f,
    type: 2}
  m_PrefabInternal: {fileID: 133185807}
  m_GameObject: {fileID: 1399556141}
  m_Enabled: 1
  m_EditorHideFlags: 0
  m_Script: {fileID: -765806418, guid: f5f67c52d1564df4a8936ccd202a3bd8, type: 3}
  m_Name: 
  m_EditorClassIdentifier: 
  m_Material: {fileID: 0}
  m_Color: {r: 0.18382353, g: 0.18382353, b: 0.18382353, a: 0.827451}
  m_RaycastTarget: 1
  m_OnCullStateChanged:
    m_PersistentCalls:
      m_Calls: []
    m_TypeName: UnityEngine.UI.MaskableGraphic+CullStateChangedEvent, UnityEngine.UI,
      Version=1.0.0.0, Culture=neutral, PublicKeyToken=null
  m_Sprite: {fileID: 21300000, guid: 048f2aeaa99de46f19396a5574dfe330, type: 3}
  m_Type: 0
  m_PreserveAspect: 0
  m_FillCenter: 1
  m_FillMethod: 4
  m_FillAmount: 1
  m_FillClockwise: 1
  m_FillOrigin: 0
--- !u!222 &1399556145
CanvasRenderer:
  m_ObjectHideFlags: 0
  m_PrefabParentObject: {fileID: 22287816, guid: f144c59660299fa419055b839803a19f,
    type: 2}
  m_PrefabInternal: {fileID: 133185807}
  m_GameObject: {fileID: 1399556141}
--- !u!1 &1500371475
GameObject:
  m_ObjectHideFlags: 0
  m_PrefabParentObject: {fileID: 0}
  m_PrefabInternal: {fileID: 0}
  serializedVersion: 4
  m_Component:
  - 4: {fileID: 1500371479}
  - 114: {fileID: 1500371478}
  - 114: {fileID: 1500371477}
  - 114: {fileID: 1500371476}
  m_Layer: 0
  m_Name: EventSystem
  m_TagString: Untagged
  m_Icon: {fileID: 0}
  m_NavMeshLayer: 0
  m_StaticEditorFlags: 0
  m_IsActive: 1
--- !u!114 &1500371476
MonoBehaviour:
  m_ObjectHideFlags: 0
  m_PrefabParentObject: {fileID: 0}
  m_PrefabInternal: {fileID: 0}
  m_GameObject: {fileID: 1500371475}
  m_Enabled: 1
  m_EditorHideFlags: 0
  m_Script: {fileID: 1997211142, guid: f5f67c52d1564df4a8936ccd202a3bd8, type: 3}
  m_Name: 
  m_EditorClassIdentifier: 
  m_ForceModuleActive: 0
--- !u!114 &1500371477
MonoBehaviour:
  m_ObjectHideFlags: 0
  m_PrefabParentObject: {fileID: 0}
  m_PrefabInternal: {fileID: 0}
  m_GameObject: {fileID: 1500371475}
  m_Enabled: 1
  m_EditorHideFlags: 0
  m_Script: {fileID: 1077351063, guid: f5f67c52d1564df4a8936ccd202a3bd8, type: 3}
  m_Name: 
  m_EditorClassIdentifier: 
  m_HorizontalAxis: Horizontal
  m_VerticalAxis: Vertical
  m_SubmitButton: Submit
  m_CancelButton: Cancel
  m_InputActionsPerSecond: 10
  m_RepeatDelay: 0.5
  m_ForceModuleActive: 0
--- !u!114 &1500371478
MonoBehaviour:
  m_ObjectHideFlags: 0
  m_PrefabParentObject: {fileID: 0}
  m_PrefabInternal: {fileID: 0}
  m_GameObject: {fileID: 1500371475}
  m_Enabled: 1
  m_EditorHideFlags: 0
  m_Script: {fileID: -619905303, guid: f5f67c52d1564df4a8936ccd202a3bd8, type: 3}
  m_Name: 
  m_EditorClassIdentifier: 
  m_FirstSelected: {fileID: 0}
  m_sendNavigationEvents: 1
  m_DragThreshold: 5
--- !u!4 &1500371479
Transform:
  m_ObjectHideFlags: 0
  m_PrefabParentObject: {fileID: 0}
  m_PrefabInternal: {fileID: 0}
  m_GameObject: {fileID: 1500371475}
  m_LocalRotation: {x: 0, y: 0, z: 0, w: 1}
  m_LocalPosition: {x: 0, y: 0, z: 0}
  m_LocalScale: {x: 1, y: 1, z: 1}
  m_LocalEulerAnglesHint: {x: 0, y: 0, z: 0}
  m_Children: []
  m_Father: {fileID: 0}
  m_RootOrder: 1
--- !u!1 &1511305452
GameObject:
  m_ObjectHideFlags: 0
  m_PrefabParentObject: {fileID: 0}
  m_PrefabInternal: {fileID: 0}
  serializedVersion: 4
  m_Component:
  - 4: {fileID: 1511305453}
  m_Layer: 0
  m_Name: __SET_YOUR_GAMESCREEN_TO_640x1136
  m_TagString: Untagged
  m_Icon: {fileID: 0}
  m_NavMeshLayer: 0
  m_StaticEditorFlags: 0
  m_IsActive: 1
--- !u!4 &1511305453
Transform:
  m_ObjectHideFlags: 0
  m_PrefabParentObject: {fileID: 0}
  m_PrefabInternal: {fileID: 0}
  m_GameObject: {fileID: 1511305452}
  m_LocalRotation: {x: 0, y: 0, z: 0, w: 1}
  m_LocalPosition: {x: 494.995, y: 627.74, z: 0}
  m_LocalScale: {x: 1, y: 1, z: 1}
  m_LocalEulerAnglesHint: {x: 0, y: 0, z: 0}
  m_Children: []
  m_Father: {fileID: 0}
  m_RootOrder: 2
--- !u!1 &1560757403
GameObject:
  m_ObjectHideFlags: 0
  m_PrefabParentObject: {fileID: 187810, guid: f144c59660299fa419055b839803a19f, type: 2}
  m_PrefabInternal: {fileID: 133185807}
  serializedVersion: 4
  m_Component:
  - 224: {fileID: 1560757404}
  - 222: {fileID: 1560757406}
  - 114: {fileID: 1560757405}
  m_Layer: 5
  m_Name: Text
  m_TagString: Untagged
  m_Icon: {fileID: 0}
  m_NavMeshLayer: 0
  m_StaticEditorFlags: 0
  m_IsActive: 1
--- !u!224 &1560757404
RectTransform:
  m_ObjectHideFlags: 0
  m_PrefabParentObject: {fileID: 22487810, guid: f144c59660299fa419055b839803a19f,
    type: 2}
  m_PrefabInternal: {fileID: 133185807}
  m_GameObject: {fileID: 1560757403}
  m_LocalRotation: {x: 0, y: 0, z: 0, w: 1}
  m_LocalPosition: {x: 0, y: 0, z: 0}
  m_LocalScale: {x: 1, y: 1, z: 1}
  m_LocalEulerAnglesHint: {x: 0, y: 0, z: 0}
  m_Children: []
  m_Father: {fileID: 1998084389}
  m_RootOrder: 4
  m_AnchorMin: {x: 0.5, y: 0.5}
  m_AnchorMax: {x: 0.5, y: 0.5}
  m_AnchoredPosition: {x: 170.3, y: 0}
  m_SizeDelta: {x: 44.2, y: 30}
  m_Pivot: {x: 0.5, y: 0.5}
--- !u!114 &1560757405
MonoBehaviour:
  m_ObjectHideFlags: 0
  m_PrefabParentObject: {fileID: 11487792, guid: f144c59660299fa419055b839803a19f,
    type: 2}
  m_PrefabInternal: {fileID: 133185807}
  m_GameObject: {fileID: 1560757403}
  m_Enabled: 1
  m_EditorHideFlags: 0
  m_Script: {fileID: 708705254, guid: f5f67c52d1564df4a8936ccd202a3bd8, type: 3}
  m_Name: 
  m_EditorClassIdentifier: 
  m_Material: {fileID: 0}
  m_Color: {r: 0.03676468, g: 0.03676468, b: 0.03676468, a: 0.827451}
  m_RaycastTarget: 1
  m_OnCullStateChanged:
    m_PersistentCalls:
      m_Calls: []
    m_TypeName: UnityEngine.UI.MaskableGraphic+CullStateChangedEvent, UnityEngine.UI,
      Version=1.0.0.0, Culture=neutral, PublicKeyToken=null
  m_FontData:
    m_Font: {fileID: 12800000, guid: 218956a5c2a6e42d6a60afccf80b002b, type: 3}
    m_FontSize: 16
    m_FontStyle: 0
    m_BestFit: 0
    m_MinSize: 10
    m_MaxSize: 40
    m_Alignment: 3
    m_AlignByGeometry: 0
    m_RichText: 1
    m_HorizontalOverflow: 0
    m_VerticalOverflow: 0
    m_LineSpacing: 1
  m_Text: 1/250
--- !u!222 &1560757406
CanvasRenderer:
  m_ObjectHideFlags: 0
  m_PrefabParentObject: {fileID: 22287810, guid: f144c59660299fa419055b839803a19f,
    type: 2}
  m_PrefabInternal: {fileID: 133185807}
  m_GameObject: {fileID: 1560757403}
--- !u!1 &1826448645
GameObject:
  m_ObjectHideFlags: 0
  m_PrefabParentObject: {fileID: 187832, guid: f144c59660299fa419055b839803a19f, type: 2}
  m_PrefabInternal: {fileID: 133185807}
  serializedVersion: 4
  m_Component:
  - 224: {fileID: 1826448646}
  - 222: {fileID: 1826448649}
  - 114: {fileID: 1826448648}
  - 114: {fileID: 1826448647}
  m_Layer: 5
  m_Name: ButtonCamera
  m_TagString: Untagged
  m_Icon: {fileID: 0}
  m_NavMeshLayer: 0
  m_StaticEditorFlags: 0
  m_IsActive: 1
--- !u!224 &1826448646
RectTransform:
  m_ObjectHideFlags: 0
  m_PrefabParentObject: {fileID: 22487832, guid: f144c59660299fa419055b839803a19f,
    type: 2}
  m_PrefabInternal: {fileID: 133185807}
  m_GameObject: {fileID: 1826448645}
  m_LocalRotation: {x: 0, y: 0, z: 0, w: 1}
  m_LocalPosition: {x: 0, y: 0, z: 0}
  m_LocalScale: {x: 1, y: 1, z: 1}
  m_LocalEulerAnglesHint: {x: 0, y: 0, z: 0}
  m_Children:
  - {fileID: 602537815}
  m_Father: {fileID: 2092230791}
  m_RootOrder: 0
  m_AnchorMin: {x: 0.5, y: 0.5}
  m_AnchorMax: {x: 0.5, y: 0.5}
  m_AnchoredPosition: {x: 0, y: 0.0000015497208}
  m_SizeDelta: {x: 96.9, y: 96.9}
  m_Pivot: {x: 0.5, y: 0.5}
--- !u!114 &1826448647
MonoBehaviour:
  m_ObjectHideFlags: 0
  m_PrefabParentObject: {fileID: 11487824, guid: f144c59660299fa419055b839803a19f,
    type: 2}
  m_PrefabInternal: {fileID: 133185807}
  m_GameObject: {fileID: 1826448645}
  m_Enabled: 1
  m_EditorHideFlags: 0
  m_Script: {fileID: 1392445389, guid: f5f67c52d1564df4a8936ccd202a3bd8, type: 3}
  m_Name: 
  m_EditorClassIdentifier: 
  m_Navigation:
    m_Mode: 3
    m_SelectOnUp: {fileID: 0}
    m_SelectOnDown: {fileID: 0}
    m_SelectOnLeft: {fileID: 0}
    m_SelectOnRight: {fileID: 0}
  m_Transition: 1
  m_Colors:
    m_NormalColor: {r: 1, g: 1, b: 1, a: 1}
    m_HighlightedColor: {r: 0.9607843, g: 0.9607843, b: 0.9607843, a: 1}
    m_PressedColor: {r: 0.78431374, g: 0.78431374, b: 0.78431374, a: 1}
    m_DisabledColor: {r: 0.78431374, g: 0.78431374, b: 0.78431374, a: 0.5019608}
    m_ColorMultiplier: 1
    m_FadeDuration: 0.1
  m_SpriteState:
    m_HighlightedSprite: {fileID: 0}
    m_PressedSprite: {fileID: 0}
    m_DisabledSprite: {fileID: 0}
  m_AnimationTriggers:
    m_NormalTrigger: Normal
    m_HighlightedTrigger: Highlighted
    m_PressedTrigger: Pressed
    m_DisabledTrigger: Disabled
  m_Interactable: 1
  m_TargetGraphic: {fileID: 1826448648}
  m_OnClick:
    m_PersistentCalls:
      m_Calls: []
    m_TypeName: UnityEngine.UI.Button+ButtonClickedEvent, UnityEngine.UI, Version=1.0.0.0,
      Culture=neutral, PublicKeyToken=null
--- !u!114 &1826448648
MonoBehaviour:
  m_ObjectHideFlags: 0
  m_PrefabParentObject: {fileID: 11487822, guid: f144c59660299fa419055b839803a19f,
    type: 2}
  m_PrefabInternal: {fileID: 133185807}
  m_GameObject: {fileID: 1826448645}
  m_Enabled: 1
  m_EditorHideFlags: 0
  m_Script: {fileID: -765806418, guid: f5f67c52d1564df4a8936ccd202a3bd8, type: 3}
  m_Name: 
  m_EditorClassIdentifier: 
  m_Material: {fileID: 0}
  m_Color: {r: 1, g: 1, b: 1, a: 0.7372549}
  m_RaycastTarget: 1
  m_OnCullStateChanged:
    m_PersistentCalls:
      m_Calls: []
    m_TypeName: UnityEngine.UI.MaskableGraphic+CullStateChangedEvent, UnityEngine.UI,
      Version=1.0.0.0, Culture=neutral, PublicKeyToken=null
  m_Sprite: {fileID: 21300000, guid: 4a06b734c1424ef43acedc3bd3a99e50, type: 3}
  m_Type: 0
  m_PreserveAspect: 0
  m_FillCenter: 1
  m_FillMethod: 4
  m_FillAmount: 1
  m_FillClockwise: 1
  m_FillOrigin: 0
--- !u!222 &1826448649
CanvasRenderer:
  m_ObjectHideFlags: 0
  m_PrefabParentObject: {fileID: 22287832, guid: f144c59660299fa419055b839803a19f,
    type: 2}
  m_PrefabInternal: {fileID: 133185807}
  m_GameObject: {fileID: 1826448645}
--- !u!1 &1905657486
GameObject:
  m_ObjectHideFlags: 0
  m_PrefabParentObject: {fileID: 187786, guid: f144c59660299fa419055b839803a19f, type: 2}
  m_PrefabInternal: {fileID: 133185807}
  serializedVersion: 4
  m_Component:
  - 224: {fileID: 1905657487}
  - 222: {fileID: 1905657490}
  - 114: {fileID: 1905657489}
  - 114: {fileID: 1905657488}
  m_Layer: 5
  m_Name: Button
  m_TagString: Untagged
  m_Icon: {fileID: 0}
  m_NavMeshLayer: 0
  m_StaticEditorFlags: 0
  m_IsActive: 1
--- !u!224 &1905657487
RectTransform:
  m_ObjectHideFlags: 0
  m_PrefabParentObject: {fileID: 22487786, guid: f144c59660299fa419055b839803a19f,
    type: 2}
  m_PrefabInternal: {fileID: 133185807}
  m_GameObject: {fileID: 1905657486}
  m_LocalRotation: {x: 0, y: 0, z: 0, w: 1}
  m_LocalPosition: {x: 0, y: 0, z: 0}
  m_LocalScale: {x: 1, y: 1, z: 1}
  m_LocalEulerAnglesHint: {x: 0, y: 0, z: 0}
  m_Children: []
  m_Father: {fileID: 1998084389}
  m_RootOrder: 0
  m_AnchorMin: {x: 0.5, y: 0.5}
  m_AnchorMax: {x: 0.5, y: 0.5}
  m_AnchoredPosition: {x: -280.1, y: 0}
  m_SizeDelta: {x: 30, y: 30}
  m_Pivot: {x: 0.5, y: 0.5}
--- !u!114 &1905657488
MonoBehaviour:
  m_ObjectHideFlags: 0
  m_PrefabParentObject: {fileID: 11487764, guid: f144c59660299fa419055b839803a19f,
    type: 2}
  m_PrefabInternal: {fileID: 133185807}
  m_GameObject: {fileID: 1905657486}
  m_Enabled: 1
  m_EditorHideFlags: 0
  m_Script: {fileID: 1392445389, guid: f5f67c52d1564df4a8936ccd202a3bd8, type: 3}
  m_Name: 
  m_EditorClassIdentifier: 
  m_Navigation:
    m_Mode: 3
    m_SelectOnUp: {fileID: 0}
    m_SelectOnDown: {fileID: 0}
    m_SelectOnLeft: {fileID: 0}
    m_SelectOnRight: {fileID: 0}
  m_Transition: 1
  m_Colors:
    m_NormalColor: {r: 1, g: 1, b: 1, a: 1}
    m_HighlightedColor: {r: 0.9607843, g: 0.9607843, b: 0.9607843, a: 1}
    m_PressedColor: {r: 0.78431374, g: 0.78431374, b: 0.78431374, a: 1}
    m_DisabledColor: {r: 0.78431374, g: 0.78431374, b: 0.78431374, a: 0.5019608}
    m_ColorMultiplier: 1
    m_FadeDuration: 0.1
  m_SpriteState:
    m_HighlightedSprite: {fileID: 0}
    m_PressedSprite: {fileID: 0}
    m_DisabledSprite: {fileID: 0}
  m_AnimationTriggers:
    m_NormalTrigger: Normal
    m_HighlightedTrigger: Highlighted
    m_PressedTrigger: Pressed
    m_DisabledTrigger: Disabled
  m_Interactable: 1
  m_TargetGraphic: {fileID: 1905657489}
  m_OnClick:
    m_PersistentCalls:
      m_Calls: []
    m_TypeName: UnityEngine.UI.Button+ButtonClickedEvent, UnityEngine.UI, Version=1.0.0.0,
      Culture=neutral, PublicKeyToken=null
--- !u!114 &1905657489
MonoBehaviour:
  m_ObjectHideFlags: 0
  m_PrefabParentObject: {fileID: 11487762, guid: f144c59660299fa419055b839803a19f,
    type: 2}
  m_PrefabInternal: {fileID: 133185807}
  m_GameObject: {fileID: 1905657486}
  m_Enabled: 1
  m_EditorHideFlags: 0
  m_Script: {fileID: -765806418, guid: f5f67c52d1564df4a8936ccd202a3bd8, type: 3}
  m_Name: 
  m_EditorClassIdentifier: 
  m_Material: {fileID: 0}
  m_Color: {r: 0.18382353, g: 0.18382353, b: 0.18382353, a: 0.827451}
  m_RaycastTarget: 1
  m_OnCullStateChanged:
    m_PersistentCalls:
      m_Calls: []
    m_TypeName: UnityEngine.UI.MaskableGraphic+CullStateChangedEvent, UnityEngine.UI,
      Version=1.0.0.0, Culture=neutral, PublicKeyToken=null
  m_Sprite: {fileID: 21300000, guid: c0d1effa50cad4f13ad7f132fe903904, type: 3}
  m_Type: 0
  m_PreserveAspect: 0
  m_FillCenter: 1
  m_FillMethod: 4
  m_FillAmount: 1
  m_FillClockwise: 1
  m_FillOrigin: 0
--- !u!222 &1905657490
CanvasRenderer:
  m_ObjectHideFlags: 0
  m_PrefabParentObject: {fileID: 22287786, guid: f144c59660299fa419055b839803a19f,
    type: 2}
  m_PrefabInternal: {fileID: 133185807}
  m_GameObject: {fileID: 1905657486}
--- !u!1 &1982045254
GameObject:
  m_ObjectHideFlags: 0
  m_PrefabParentObject: {fileID: 187806, guid: f144c59660299fa419055b839803a19f, type: 2}
  m_PrefabInternal: {fileID: 133185807}
  serializedVersion: 4
  m_Component:
  - 224: {fileID: 1982045255}
  - 222: {fileID: 1982045258}
  - 114: {fileID: 1982045257}
  - 114: {fileID: 1982045256}
  m_Layer: 5
  m_Name: Button
  m_TagString: Untagged
  m_Icon: {fileID: 0}
  m_NavMeshLayer: 0
  m_StaticEditorFlags: 0
  m_IsActive: 1
--- !u!224 &1982045255
RectTransform:
  m_ObjectHideFlags: 0
  m_PrefabParentObject: {fileID: 22487806, guid: f144c59660299fa419055b839803a19f,
    type: 2}
  m_PrefabInternal: {fileID: 133185807}
  m_GameObject: {fileID: 1982045254}
  m_LocalRotation: {x: 0, y: 0, z: 0, w: 1}
  m_LocalPosition: {x: 0, y: 0, z: 0}
  m_LocalScale: {x: 1, y: 1, z: 1}
  m_LocalEulerAnglesHint: {x: 0, y: 0, z: 0}
  m_Children: []
  m_Father: {fileID: 1998084389}
  m_RootOrder: 5
  m_AnchorMin: {x: 0.5, y: 0.5}
  m_AnchorMax: {x: 0.5, y: 0.5}
  m_AnchoredPosition: {x: 283.1, y: 0.00000077486}
  m_SizeDelta: {x: 20.3, y: 31.88}
  m_Pivot: {x: 0.5, y: 0.5}
--- !u!114 &1982045256
MonoBehaviour:
  m_ObjectHideFlags: 0
  m_PrefabParentObject: {fileID: 11487788, guid: f144c59660299fa419055b839803a19f,
    type: 2}
  m_PrefabInternal: {fileID: 133185807}
  m_GameObject: {fileID: 1982045254}
  m_Enabled: 1
  m_EditorHideFlags: 0
  m_Script: {fileID: 1392445389, guid: f5f67c52d1564df4a8936ccd202a3bd8, type: 3}
  m_Name: 
  m_EditorClassIdentifier: 
  m_Navigation:
    m_Mode: 3
    m_SelectOnUp: {fileID: 0}
    m_SelectOnDown: {fileID: 0}
    m_SelectOnLeft: {fileID: 0}
    m_SelectOnRight: {fileID: 0}
  m_Transition: 1
  m_Colors:
    m_NormalColor: {r: 1, g: 1, b: 1, a: 1}
    m_HighlightedColor: {r: 0.9607843, g: 0.9607843, b: 0.9607843, a: 1}
    m_PressedColor: {r: 0.78431374, g: 0.78431374, b: 0.78431374, a: 1}
    m_DisabledColor: {r: 0.78431374, g: 0.78431374, b: 0.78431374, a: 0.5019608}
    m_ColorMultiplier: 1
    m_FadeDuration: 0.1
  m_SpriteState:
    m_HighlightedSprite: {fileID: 0}
    m_PressedSprite: {fileID: 0}
    m_DisabledSprite: {fileID: 0}
  m_AnimationTriggers:
    m_NormalTrigger: Normal
    m_HighlightedTrigger: Highlighted
    m_PressedTrigger: Pressed
    m_DisabledTrigger: Disabled
  m_Interactable: 1
  m_TargetGraphic: {fileID: 1982045257}
  m_OnClick:
    m_PersistentCalls:
      m_Calls: []
    m_TypeName: UnityEngine.UI.Button+ButtonClickedEvent, UnityEngine.UI, Version=1.0.0.0,
      Culture=neutral, PublicKeyToken=null
--- !u!114 &1982045257
MonoBehaviour:
  m_ObjectHideFlags: 0
  m_PrefabParentObject: {fileID: 11487786, guid: f144c59660299fa419055b839803a19f,
    type: 2}
  m_PrefabInternal: {fileID: 133185807}
  m_GameObject: {fileID: 1982045254}
  m_Enabled: 1
  m_EditorHideFlags: 0
  m_Script: {fileID: -765806418, guid: f5f67c52d1564df4a8936ccd202a3bd8, type: 3}
  m_Name: 
  m_EditorClassIdentifier: 
  m_Material: {fileID: 0}
  m_Color: {r: 0.18382353, g: 0.18382353, b: 0.18382353, a: 0.827451}
  m_RaycastTarget: 1
  m_OnCullStateChanged:
    m_PersistentCalls:
      m_Calls: []
    m_TypeName: UnityEngine.UI.MaskableGraphic+CullStateChangedEvent, UnityEngine.UI,
      Version=1.0.0.0, Culture=neutral, PublicKeyToken=null
  m_Sprite: {fileID: 21300000, guid: a9b452f1fd81142db932ced9b46be45e, type: 3}
  m_Type: 0
  m_PreserveAspect: 0
  m_FillCenter: 1
  m_FillMethod: 4
  m_FillAmount: 1
  m_FillClockwise: 1
  m_FillOrigin: 0
--- !u!222 &1982045258
CanvasRenderer:
  m_ObjectHideFlags: 0
  m_PrefabParentObject: {fileID: 22287806, guid: f144c59660299fa419055b839803a19f,
    type: 2}
  m_PrefabInternal: {fileID: 133185807}
  m_GameObject: {fileID: 1982045254}
--- !u!1 &1998084388
GameObject:
  m_ObjectHideFlags: 0
  m_PrefabParentObject: {fileID: 187808, guid: f144c59660299fa419055b839803a19f, type: 2}
  m_PrefabInternal: {fileID: 133185807}
  serializedVersion: 4
  m_Component:
  - 224: {fileID: 1998084389}
  - 222: {fileID: 1998084391}
  - 114: {fileID: 1998084390}
  m_Layer: 5
  m_Name: InfoPanel
  m_TagString: Untagged
  m_Icon: {fileID: 0}
  m_NavMeshLayer: 0
  m_StaticEditorFlags: 0
  m_IsActive: 1
--- !u!224 &1998084389
RectTransform:
  m_ObjectHideFlags: 0
  m_PrefabParentObject: {fileID: 22487808, guid: f144c59660299fa419055b839803a19f,
    type: 2}
  m_PrefabInternal: {fileID: 133185807}
  m_GameObject: {fileID: 1998084388}
  m_LocalRotation: {x: 0, y: 0, z: 0, w: 1}
  m_LocalPosition: {x: 0, y: 0, z: 0}
  m_LocalScale: {x: 1, y: 1, z: 1}
  m_LocalEulerAnglesHint: {x: 0, y: 0, z: 0}
  m_Children:
  - {fileID: 1905657487}
  - {fileID: 382905172}
  - {fileID: 2088360247}
  - {fileID: 805749202}
  - {fileID: 1560757404}
  - {fileID: 1982045255}
  m_Father: {fileID: 269727120}
  m_RootOrder: 4
  m_AnchorMin: {x: 0.5, y: 0.5}
  m_AnchorMax: {x: 0.5, y: 0.5}
  m_AnchoredPosition: {x: 0, y: -350.30023}
  m_SizeDelta: {x: 640, y: 63.30005}
  m_Pivot: {x: 0.5, y: 0.5}
--- !u!114 &1998084390
MonoBehaviour:
  m_ObjectHideFlags: 0
  m_PrefabParentObject: {fileID: 11487790, guid: f144c59660299fa419055b839803a19f,
    type: 2}
  m_PrefabInternal: {fileID: 133185807}
  m_GameObject: {fileID: 1998084388}
  m_Enabled: 1
  m_EditorHideFlags: 0
  m_Script: {fileID: -765806418, guid: f5f67c52d1564df4a8936ccd202a3bd8, type: 3}
  m_Name: 
  m_EditorClassIdentifier: 
  m_Material: {fileID: 0}
  m_Color: {r: 0.9632353, g: 0.9632353, b: 0.9632353, a: 0.7764706}
  m_RaycastTarget: 1
  m_OnCullStateChanged:
    m_PersistentCalls:
      m_Calls: []
    m_TypeName: UnityEngine.UI.MaskableGraphic+CullStateChangedEvent, UnityEngine.UI,
      Version=1.0.0.0, Culture=neutral, PublicKeyToken=null
  m_Sprite: {fileID: 21300000, guid: 7ed1238760b863f4aafde32ab3a6f28c, type: 3}
  m_Type: 1
  m_PreserveAspect: 0
  m_FillCenter: 1
  m_FillMethod: 4
  m_FillAmount: 1
  m_FillClockwise: 1
  m_FillOrigin: 0
--- !u!222 &1998084391
CanvasRenderer:
  m_ObjectHideFlags: 0
  m_PrefabParentObject: {fileID: 22287808, guid: f144c59660299fa419055b839803a19f,
    type: 2}
  m_PrefabInternal: {fileID: 133185807}
  m_GameObject: {fileID: 1998084388}
--- !u!1 &2087511579
GameObject:
  m_ObjectHideFlags: 0
  m_PrefabParentObject: {fileID: 187794, guid: f144c59660299fa419055b839803a19f, type: 2}
  m_PrefabInternal: {fileID: 133185807}
  serializedVersion: 4
  m_Component:
  - 224: {fileID: 2087511580}
  - 222: {fileID: 2087511582}
  - 114: {fileID: 2087511581}
  m_Layer: 5
  m_Name: Image
  m_TagString: Untagged
  m_Icon: {fileID: 0}
  m_NavMeshLayer: 0
  m_StaticEditorFlags: 0
  m_IsActive: 1
--- !u!224 &2087511580
RectTransform:
  m_ObjectHideFlags: 0
  m_PrefabParentObject: {fileID: 22487794, guid: f144c59660299fa419055b839803a19f,
    type: 2}
  m_PrefabInternal: {fileID: 133185807}
  m_GameObject: {fileID: 2087511579}
  m_LocalRotation: {x: 0, y: 0, z: 0, w: 1}
  m_LocalPosition: {x: 0, y: 0, z: 0}
  m_LocalScale: {x: 1, y: 1, z: 1}
  m_LocalEulerAnglesHint: {x: 0, y: 0, z: 0}
  m_Children: []
  m_Father: {fileID: 269727120}
  m_RootOrder: 0
  m_AnchorMin: {x: 0.5, y: 0.5}
  m_AnchorMax: {x: 0.5, y: 0.5}
  m_AnchoredPosition: {x: 63.500008, y: -1.8501}
  m_SizeDelta: {x: 767, y: 1139.7}
  m_Pivot: {x: 0.5, y: 0.5}
--- !u!114 &2087511581
MonoBehaviour:
  m_ObjectHideFlags: 0
  m_PrefabParentObject: {fileID: 11487774, guid: f144c59660299fa419055b839803a19f,
    type: 2}
  m_PrefabInternal: {fileID: 133185807}
  m_GameObject: {fileID: 2087511579}
  m_Enabled: 1
  m_EditorHideFlags: 0
  m_Script: {fileID: -765806418, guid: f5f67c52d1564df4a8936ccd202a3bd8, type: 3}
  m_Name: 
  m_EditorClassIdentifier: 
  m_Material: {fileID: 0}
  m_Color: {r: 1, g: 1, b: 1, a: 1}
  m_RaycastTarget: 1
  m_OnCullStateChanged:
    m_PersistentCalls:
      m_Calls: []
    m_TypeName: UnityEngine.UI.MaskableGraphic+CullStateChangedEvent, UnityEngine.UI,
      Version=1.0.0.0, Culture=neutral, PublicKeyToken=null
  m_Sprite: {fileID: 21300000, guid: 38e14546bbd0d8b44a7b209e178ed2d3, type: 3}
  m_Type: 0
  m_PreserveAspect: 0
  m_FillCenter: 1
  m_FillMethod: 4
  m_FillAmount: 1
  m_FillClockwise: 1
  m_FillOrigin: 0
--- !u!222 &2087511582
CanvasRenderer:
  m_ObjectHideFlags: 0
  m_PrefabParentObject: {fileID: 22287794, guid: f144c59660299fa419055b839803a19f,
    type: 2}
  m_PrefabInternal: {fileID: 133185807}
  m_GameObject: {fileID: 2087511579}
--- !u!1 &2088360246
GameObject:
  m_ObjectHideFlags: 0
  m_PrefabParentObject: {fileID: 187788, guid: f144c59660299fa419055b839803a19f, type: 2}
  m_PrefabInternal: {fileID: 133185807}
  serializedVersion: 4
  m_Component:
  - 224: {fileID: 2088360247}
  - 222: {fileID: 2088360249}
  - 114: {fileID: 2088360248}
  m_Layer: 5
  m_Name: Text
  m_TagString: Untagged
  m_Icon: {fileID: 0}
  m_NavMeshLayer: 0
  m_StaticEditorFlags: 0
  m_IsActive: 1
--- !u!224 &2088360247
RectTransform:
  m_ObjectHideFlags: 0
  m_PrefabParentObject: {fileID: 22487788, guid: f144c59660299fa419055b839803a19f,
    type: 2}
  m_PrefabInternal: {fileID: 133185807}
  m_GameObject: {fileID: 2088360246}
  m_LocalRotation: {x: 0, y: 0, z: 0, w: 1}
  m_LocalPosition: {x: 0, y: 0, z: 0}
  m_LocalScale: {x: 1, y: 1, z: 1}
  m_LocalEulerAnglesHint: {x: 0, y: 0, z: 0}
  m_Children: []
  m_Father: {fileID: 1998084389}
  m_RootOrder: 2
  m_AnchorMin: {x: 0.5, y: 0.5}
  m_AnchorMax: {x: 0.5, y: 0.5}
  m_AnchoredPosition: {x: -142.7, y: 0}
  m_SizeDelta: {x: 34.9, y: 30}
  m_Pivot: {x: 0.5, y: 0.5}
--- !u!114 &2088360248
MonoBehaviour:
  m_ObjectHideFlags: 0
  m_PrefabParentObject: {fileID: 11487766, guid: f144c59660299fa419055b839803a19f,
    type: 2}
  m_PrefabInternal: {fileID: 133185807}
  m_GameObject: {fileID: 2088360246}
  m_Enabled: 1
  m_EditorHideFlags: 0
  m_Script: {fileID: 708705254, guid: f5f67c52d1564df4a8936ccd202a3bd8, type: 3}
  m_Name: 
  m_EditorClassIdentifier: 
  m_Material: {fileID: 0}
  m_Color: {r: 0.10980392, g: 0.10980392, b: 0.10980392, a: 0.627451}
  m_RaycastTarget: 1
  m_OnCullStateChanged:
    m_PersistentCalls:
      m_Calls: []
    m_TypeName: UnityEngine.UI.MaskableGraphic+CullStateChangedEvent, UnityEngine.UI,
      Version=1.0.0.0, Culture=neutral, PublicKeyToken=null
  m_FontData:
    m_Font: {fileID: 12800000, guid: 218956a5c2a6e42d6a60afccf80b002b, type: 3}
    m_FontSize: 16
    m_FontStyle: 0
    m_BestFit: 0
    m_MinSize: 10
    m_MaxSize: 40
    m_Alignment: 3
    m_AlignByGeometry: 0
    m_RichText: 1
    m_HorizontalOverflow: 0
    m_VerticalOverflow: 0
    m_LineSpacing: 1
  m_Text: HDR
--- !u!222 &2088360249
CanvasRenderer:
  m_ObjectHideFlags: 0
  m_PrefabParentObject: {fileID: 22287788, guid: f144c59660299fa419055b839803a19f,
    type: 2}
  m_PrefabInternal: {fileID: 133185807}
  m_GameObject: {fileID: 2088360246}
--- !u!1 &2092230790
GameObject:
  m_ObjectHideFlags: 0
  m_PrefabParentObject: {fileID: 187830, guid: f144c59660299fa419055b839803a19f, type: 2}
  m_PrefabInternal: {fileID: 133185807}
  serializedVersion: 4
  m_Component:
  - 224: {fileID: 2092230791}
  - 222: {fileID: 2092230794}
  - 114: {fileID: 2092230793}
  - 114: {fileID: 2092230792}
  m_Layer: 5
  m_Name: Button
  m_TagString: Untagged
  m_Icon: {fileID: 0}
  m_NavMeshLayer: 0
  m_StaticEditorFlags: 0
  m_IsActive: 1
--- !u!224 &2092230791
RectTransform:
  m_ObjectHideFlags: 0
  m_PrefabParentObject: {fileID: 22487830, guid: f144c59660299fa419055b839803a19f,
    type: 2}
  m_PrefabInternal: {fileID: 133185807}
  m_GameObject: {fileID: 2092230790}
  m_LocalRotation: {x: 0, y: 0, z: 0, w: 1}
  m_LocalPosition: {x: 0, y: 0, z: 0}
  m_LocalScale: {x: 1, y: 1, z: 1}
  m_LocalEulerAnglesHint: {x: 0, y: 0, z: 0}
  m_Children:
  - {fileID: 1826448646}
  m_Father: {fileID: 269727120}
  m_RootOrder: 1
  m_AnchorMin: {x: 0.5, y: 0.5}
  m_AnchorMax: {x: 0.5, y: 0.5}
  m_AnchoredPosition: {x: 0, y: -475}
  m_SizeDelta: {x: 213.3333, y: 186}
  m_Pivot: {x: 0.5, y: 0.5}
--- !u!114 &2092230792
MonoBehaviour:
  m_ObjectHideFlags: 0
  m_PrefabParentObject: {fileID: 11487834, guid: f144c59660299fa419055b839803a19f,
    type: 2}
  m_PrefabInternal: {fileID: 133185807}
  m_GameObject: {fileID: 2092230790}
  m_Enabled: 1
  m_EditorHideFlags: 0
  m_Script: {fileID: 1392445389, guid: f5f67c52d1564df4a8936ccd202a3bd8, type: 3}
  m_Name: 
  m_EditorClassIdentifier: 
  m_Navigation:
    m_Mode: 3
    m_SelectOnUp: {fileID: 0}
    m_SelectOnDown: {fileID: 0}
    m_SelectOnLeft: {fileID: 0}
    m_SelectOnRight: {fileID: 0}
  m_Transition: 1
  m_Colors:
    m_NormalColor: {r: 1, g: 1, b: 1, a: 1}
    m_HighlightedColor: {r: 0.9607843, g: 0.9607843, b: 0.9607843, a: 1}
    m_PressedColor: {r: 0.78431374, g: 0.78431374, b: 0.78431374, a: 1}
    m_DisabledColor: {r: 0.78431374, g: 0.78431374, b: 0.78431374, a: 0.5019608}
    m_ColorMultiplier: 1
    m_FadeDuration: 0.1
  m_SpriteState:
    m_HighlightedSprite: {fileID: 0}
    m_PressedSprite: {fileID: 0}
    m_DisabledSprite: {fileID: 0}
  m_AnimationTriggers:
    m_NormalTrigger: Normal
    m_HighlightedTrigger: Highlighted
    m_PressedTrigger: Pressed
    m_DisabledTrigger: Disabled
  m_Interactable: 1
  m_TargetGraphic: {fileID: 2092230793}
  m_OnClick:
    m_PersistentCalls:
      m_Calls: []
    m_TypeName: UnityEngine.UI.Button+ButtonClickedEvent, UnityEngine.UI, Version=1.0.0.0,
      Culture=neutral, PublicKeyToken=null
--- !u!114 &2092230793
MonoBehaviour:
  m_ObjectHideFlags: 0
  m_PrefabParentObject: {fileID: 11487820, guid: f144c59660299fa419055b839803a19f,
    type: 2}
  m_PrefabInternal: {fileID: 133185807}
  m_GameObject: {fileID: 2092230790}
  m_Enabled: 1
  m_EditorHideFlags: 0
  m_Script: {fileID: -765806418, guid: f5f67c52d1564df4a8936ccd202a3bd8, type: 3}
  m_Name: 
  m_EditorClassIdentifier: 
  m_Material: {fileID: 0}
  m_Color: {r: 0.1102941, g: 0.1102941, b: 0.1102941, a: 0.94509804}
  m_RaycastTarget: 1
  m_OnCullStateChanged:
    m_PersistentCalls:
      m_Calls: []
    m_TypeName: UnityEngine.UI.MaskableGraphic+CullStateChangedEvent, UnityEngine.UI,
      Version=1.0.0.0, Culture=neutral, PublicKeyToken=null
  m_Sprite: {fileID: 21300000, guid: 7ed1238760b863f4aafde32ab3a6f28c, type: 3}
  m_Type: 1
  m_PreserveAspect: 0
  m_FillCenter: 1
  m_FillMethod: 4
  m_FillAmount: 1
  m_FillClockwise: 1
  m_FillOrigin: 0
--- !u!222 &2092230794
CanvasRenderer:
  m_ObjectHideFlags: 0
  m_PrefabParentObject: {fileID: 22287830, guid: f144c59660299fa419055b839803a19f,
    type: 2}
  m_PrefabInternal: {fileID: 133185807}
  m_GameObject: {fileID: 2092230790}
