%YAML 1.1
%TAG !u! tag:unity3d.com,2011:
--- !u!29 &1
SceneSettings:
  m_ObjectHideFlags: 0
  m_PVSData: 
  m_PVSObjectsArray: []
  m_PVSPortalsArray: []
  m_OcclusionBakeSettings:
    smallestOccluder: 5
    smallestHole: 0.25
    backfaceThreshold: 100
--- !u!104 &2
RenderSettings:
  m_ObjectHideFlags: 0
  serializedVersion: 7
  m_Fog: 0
  m_FogColor: {r: 0.5, g: 0.5, b: 0.5, a: 1}
  m_FogMode: 3
  m_FogDensity: 0.01
  m_LinearFogStart: 0
  m_LinearFogEnd: 300
  m_AmbientSkyColor: {r: 0.212, g: 0.227, b: 0.259, a: 1}
  m_AmbientEquatorColor: {r: 0.114, g: 0.125, b: 0.133, a: 1}
  m_AmbientGroundColor: {r: 0.047, g: 0.043, b: 0.035, a: 1}
  m_AmbientIntensity: 1
  m_AmbientMode: 0
  m_SkyboxMaterial: {fileID: 10304, guid: 0000000000000000f000000000000000, type: 0}
  m_HaloStrength: 0.5
  m_FlareStrength: 1
  m_FlareFadeSpeed: 3
  m_HaloTexture: {fileID: 0}
  m_SpotCookie: {fileID: 10001, guid: 0000000000000000e000000000000000, type: 0}
  m_DefaultReflectionMode: 0
  m_DefaultReflectionResolution: 128
  m_ReflectionBounces: 1
  m_ReflectionIntensity: 1
  m_CustomReflection: {fileID: 0}
  m_Sun: {fileID: 0}
  m_IndirectSpecularColor: {r: 0, g: 0, b: 0, a: 1}
--- !u!157 &4
LightmapSettings:
  m_ObjectHideFlags: 0
  serializedVersion: 7
  m_GIWorkflowMode: 0
  m_GISettings:
    serializedVersion: 2
    m_BounceScale: 1
    m_IndirectOutputScale: 1
    m_AlbedoBoost: 1
    m_TemporalCoherenceThreshold: 1
    m_EnvironmentLightingMode: 0
    m_EnableBakedLightmaps: 1
    m_EnableRealtimeLightmaps: 1
  m_LightmapEditorSettings:
    serializedVersion: 4
    m_Resolution: 2
    m_BakeResolution: 40
    m_TextureWidth: 1024
    m_TextureHeight: 1024
    m_AO: 0
    m_AOMaxDistance: 1
    m_CompAOExponent: 0
    m_CompAOExponentDirect: 0
    m_Padding: 2
    m_LightmapParameters: {fileID: 0}
    m_LightmapsBakeMode: 1
    m_TextureCompression: 1
    m_DirectLightInLightProbes: 1
    m_FinalGather: 0
    m_FinalGatherFiltering: 1
    m_FinalGatherRayCount: 1024
    m_ReflectionCompression: 2
  m_LightingDataAsset: {fileID: 0}
  m_RuntimeCPUUsage: 25
--- !u!196 &5
NavMeshSettings:
  serializedVersion: 2
  m_ObjectHideFlags: 0
  m_BuildSettings:
    serializedVersion: 2
    agentRadius: 0.5
    agentHeight: 2
    agentSlope: 45
    agentClimb: 0.4
    ledgeDropHeight: 0
    maxJumpAcrossDistance: 0
    accuratePlacement: 0
    minRegionArea: 2
    cellSize: 0.16666667
    manualCellSize: 0
  m_NavMeshData: {fileID: 0}
--- !u!1 &45556716
GameObject:
  m_ObjectHideFlags: 0
  m_PrefabParentObject: {fileID: 117994, guid: 3c2b2ca1c031e4d4dae4e529aea0cd6a, type: 2}
  m_PrefabInternal: {fileID: 1732031337}
  serializedVersion: 4
  m_Component:
  - 224: {fileID: 45556717}
  - 222: {fileID: 45556719}
  - 114: {fileID: 45556718}
  m_Layer: 5
  m_Name: Text
  m_TagString: Untagged
  m_Icon: {fileID: 0}
  m_NavMeshLayer: 0
  m_StaticEditorFlags: 0
  m_IsActive: 1
--- !u!224 &45556717
RectTransform:
  m_ObjectHideFlags: 0
  m_PrefabParentObject: {fileID: 22417994, guid: 3c2b2ca1c031e4d4dae4e529aea0cd6a,
    type: 2}
  m_PrefabInternal: {fileID: 1732031337}
  m_GameObject: {fileID: 45556716}
  m_LocalRotation: {x: 0, y: 0, z: 0, w: 1}
  m_LocalPosition: {x: 0, y: 0, z: 0}
  m_LocalScale: {x: 1, y: 1, z: 1}
  m_LocalEulerAnglesHint: {x: 0, y: 0, z: 0}
  m_Children: []
  m_Father: {fileID: 1120789398}
  m_RootOrder: 12
  m_AnchorMin: {x: 0.5, y: 0.5}
  m_AnchorMax: {x: 0.5, y: 0.5}
  m_AnchoredPosition: {x: 0, y: -238.5}
  m_SizeDelta: {x: 201.5, y: 55.5}
  m_Pivot: {x: 0.5, y: 0.5}
--- !u!114 &45556718
MonoBehaviour:
  m_ObjectHideFlags: 0
  m_PrefabParentObject: {fileID: 11417990, guid: 3c2b2ca1c031e4d4dae4e529aea0cd6a,
    type: 2}
  m_PrefabInternal: {fileID: 1732031337}
  m_GameObject: {fileID: 45556716}
  m_Enabled: 1
  m_EditorHideFlags: 0
  m_Script: {fileID: 708705254, guid: f5f67c52d1564df4a8936ccd202a3bd8, type: 3}
  m_Name: 
  m_EditorClassIdentifier: 
  m_Material: {fileID: 0}
  m_Color: {r: 1, g: 1, b: 1, a: 0.5176471}
  m_RaycastTarget: 1
  m_OnCullStateChanged:
    m_PersistentCalls:
      m_Calls: []
    m_TypeName: UnityEngine.UI.MaskableGraphic+CullStateChangedEvent, UnityEngine.UI,
      Version=1.0.0.0, Culture=neutral, PublicKeyToken=null
  m_FontData:
    m_Font: {fileID: 12800000, guid: bd1ea67ca2b5742d1a24fcbdc17c55e1, type: 3}
    m_FontSize: 15
    m_FontStyle: 0
    m_BestFit: 0
    m_MinSize: 10
    m_MaxSize: 40
    m_Alignment: 4
    m_AlignByGeometry: 0
    m_RichText: 1
    m_HorizontalOverflow: 0
    m_VerticalOverflow: 0
    m_LineSpacing: 1
  m_Text: Track 14 of 16
--- !u!222 &45556719
CanvasRenderer:
  m_ObjectHideFlags: 0
  m_PrefabParentObject: {fileID: 22217998, guid: 3c2b2ca1c031e4d4dae4e529aea0cd6a,
    type: 2}
  m_PrefabInternal: {fileID: 1732031337}
  m_GameObject: {fileID: 45556716}
--- !u!1 &114458518
GameObject:
  m_ObjectHideFlags: 0
  m_PrefabParentObject: {fileID: 118018, guid: 3c2b2ca1c031e4d4dae4e529aea0cd6a, type: 2}
  m_PrefabInternal: {fileID: 1732031337}
  serializedVersion: 4
  m_Component:
  - 224: {fileID: 114458519}
  - 222: {fileID: 114458522}
  - 114: {fileID: 114458521}
  - 114: {fileID: 114458520}
  m_Layer: 5
  m_Name: Button
  m_TagString: Untagged
  m_Icon: {fileID: 0}
  m_NavMeshLayer: 0
  m_StaticEditorFlags: 0
  m_IsActive: 1
--- !u!224 &114458519
RectTransform:
  m_ObjectHideFlags: 0
  m_PrefabParentObject: {fileID: 22418018, guid: 3c2b2ca1c031e4d4dae4e529aea0cd6a,
    type: 2}
  m_PrefabInternal: {fileID: 1732031337}
  m_GameObject: {fileID: 114458518}
  m_LocalRotation: {x: 0, y: 0, z: 0, w: 1}
  m_LocalPosition: {x: 0, y: 0, z: 0}
  m_LocalScale: {x: 1, y: 1, z: 1}
  m_LocalEulerAnglesHint: {x: 0, y: 0, z: 0}
  m_Children: []
  m_Father: {fileID: 1120789398}
  m_RootOrder: 2
  m_AnchorMin: {x: 0.5, y: 0.5}
  m_AnchorMax: {x: 0.5, y: 0.5}
  m_AnchoredPosition: {x: 238, y: 500}
  m_SizeDelta: {x: 44, y: 21}
  m_Pivot: {x: 0.5, y: 0.5}
--- !u!114 &114458520
MonoBehaviour:
  m_ObjectHideFlags: 0
  m_PrefabParentObject: {fileID: 11418018, guid: 3c2b2ca1c031e4d4dae4e529aea0cd6a,
    type: 2}
  m_PrefabInternal: {fileID: 1732031337}
  m_GameObject: {fileID: 114458518}
  m_Enabled: 1
  m_EditorHideFlags: 0
  m_Script: {fileID: 1392445389, guid: f5f67c52d1564df4a8936ccd202a3bd8, type: 3}
  m_Name: 
  m_EditorClassIdentifier: 
  m_Navigation:
    m_Mode: 3
    m_SelectOnUp: {fileID: 0}
    m_SelectOnDown: {fileID: 0}
    m_SelectOnLeft: {fileID: 0}
    m_SelectOnRight: {fileID: 0}
  m_Transition: 1
  m_Colors:
    m_NormalColor: {r: 1, g: 1, b: 1, a: 1}
    m_HighlightedColor: {r: 0.9607843, g: 0.9607843, b: 0.9607843, a: 1}
    m_PressedColor: {r: 0.78431374, g: 0.78431374, b: 0.78431374, a: 1}
    m_DisabledColor: {r: 0.78431374, g: 0.78431374, b: 0.78431374, a: 0.5019608}
    m_ColorMultiplier: 1
    m_FadeDuration: 0.1
  m_SpriteState:
    m_HighlightedSprite: {fileID: 0}
    m_PressedSprite: {fileID: 0}
    m_DisabledSprite: {fileID: 0}
  m_AnimationTriggers:
    m_NormalTrigger: Normal
    m_HighlightedTrigger: Highlighted
    m_PressedTrigger: Pressed
    m_DisabledTrigger: Disabled
  m_Interactable: 1
  m_TargetGraphic: {fileID: 114458521}
  m_OnClick:
    m_PersistentCalls:
      m_Calls: []
    m_TypeName: UnityEngine.UI.Button+ButtonClickedEvent, UnityEngine.UI, Version=1.0.0.0,
      Culture=neutral, PublicKeyToken=null
--- !u!114 &114458521
MonoBehaviour:
  m_ObjectHideFlags: 0
  m_PrefabParentObject: {fileID: 11418016, guid: 3c2b2ca1c031e4d4dae4e529aea0cd6a,
    type: 2}
  m_PrefabInternal: {fileID: 1732031337}
  m_GameObject: {fileID: 114458518}
  m_Enabled: 1
  m_EditorHideFlags: 0
  m_Script: {fileID: -765806418, guid: f5f67c52d1564df4a8936ccd202a3bd8, type: 3}
  m_Name: 
  m_EditorClassIdentifier: 
  m_Material: {fileID: 0}
  m_Color: {r: 1, g: 1, b: 1, a: 1}
  m_RaycastTarget: 1
  m_OnCullStateChanged:
    m_PersistentCalls:
      m_Calls: []
    m_TypeName: UnityEngine.UI.MaskableGraphic+CullStateChangedEvent, UnityEngine.UI,
      Version=1.0.0.0, Culture=neutral, PublicKeyToken=null
  m_Sprite: {fileID: 21300000, guid: f6104db3e186f4c2180fae762f6bfd15, type: 3}
  m_Type: 0
  m_PreserveAspect: 0
  m_FillCenter: 1
  m_FillMethod: 4
  m_FillAmount: 1
  m_FillClockwise: 1
  m_FillOrigin: 0
--- !u!222 &114458522
CanvasRenderer:
  m_ObjectHideFlags: 0
  m_PrefabParentObject: {fileID: 22218018, guid: 3c2b2ca1c031e4d4dae4e529aea0cd6a,
    type: 2}
  m_PrefabInternal: {fileID: 1732031337}
  m_GameObject: {fileID: 114458518}
--- !u!1 &193056500
GameObject:
  m_ObjectHideFlags: 0
  m_PrefabParentObject: {fileID: 117970, guid: 3c2b2ca1c031e4d4dae4e529aea0cd6a, type: 2}
  m_PrefabInternal: {fileID: 1732031337}
  serializedVersion: 4
  m_Component:
  - 224: {fileID: 193056501}
  - 222: {fileID: 193056503}
  - 114: {fileID: 193056502}
  m_Layer: 5
  m_Name: AppTitle
  m_TagString: Untagged
  m_Icon: {fileID: 0}
  m_NavMeshLayer: 0
  m_StaticEditorFlags: 0
  m_IsActive: 1
--- !u!224 &193056501
RectTransform:
  m_ObjectHideFlags: 0
  m_PrefabParentObject: {fileID: 22417970, guid: 3c2b2ca1c031e4d4dae4e529aea0cd6a,
    type: 2}
  m_PrefabInternal: {fileID: 1732031337}
  m_GameObject: {fileID: 193056500}
  m_LocalRotation: {x: 0, y: 0, z: 0, w: 1}
  m_LocalPosition: {x: 0, y: 0, z: 0}
  m_LocalScale: {x: 1, y: 1, z: 1}
  m_LocalEulerAnglesHint: {x: 0, y: 0, z: 0}
  m_Children:
  - {fileID: 562907720}
  m_Father: {fileID: 975060493}
  m_RootOrder: 1
  m_AnchorMin: {x: 0.5, y: 0.5}
  m_AnchorMax: {x: 0.5, y: 0.5}
  m_AnchoredPosition: {x: 27.5, y: 665}
  m_SizeDelta: {x: 695, y: 109}
  m_Pivot: {x: 0.5, y: 0.5}
--- !u!114 &193056502
MonoBehaviour:
  m_ObjectHideFlags: 0
  m_PrefabParentObject: {fileID: 11417960, guid: 3c2b2ca1c031e4d4dae4e529aea0cd6a,
    type: 2}
  m_PrefabInternal: {fileID: 1732031337}
  m_GameObject: {fileID: 193056500}
  m_Enabled: 1
  m_EditorHideFlags: 0
  m_Script: {fileID: 708705254, guid: f5f67c52d1564df4a8936ccd202a3bd8, type: 3}
  m_Name: 
  m_EditorClassIdentifier: 
  m_Material: {fileID: 0}
  m_Color: {r: 0.85490197, g: 0.85490197, b: 0.85490197, a: 1}
  m_RaycastTarget: 1
  m_OnCullStateChanged:
    m_PersistentCalls:
      m_Calls: []
    m_TypeName: UnityEngine.UI.MaskableGraphic+CullStateChangedEvent, UnityEngine.UI,
      Version=1.0.0.0, Culture=neutral, PublicKeyToken=null
  m_FontData:
    m_Font: {fileID: 12800000, guid: 218956a5c2a6e42d6a60afccf80b002b, type: 3}
    m_FontSize: 90
    m_FontStyle: 0
    m_BestFit: 0
    m_MinSize: 10
    m_MaxSize: 90
    m_Alignment: 0
    m_AlignByGeometry: 0
    m_RichText: 1
    m_HorizontalOverflow: 0
    m_VerticalOverflow: 1
    m_LineSpacing: 1
  m_Text: MUSIC PLAYER
--- !u!222 &193056503
CanvasRenderer:
  m_ObjectHideFlags: 0
  m_PrefabParentObject: {fileID: 22217978, guid: 3c2b2ca1c031e4d4dae4e529aea0cd6a,
    type: 2}
  m_PrefabInternal: {fileID: 1732031337}
  m_GameObject: {fileID: 193056500}
--- !u!1 &217525107
GameObject:
  m_ObjectHideFlags: 0
  m_PrefabParentObject: {fileID: 118020, guid: 3c2b2ca1c031e4d4dae4e529aea0cd6a, type: 2}
  m_PrefabInternal: {fileID: 1732031337}
  serializedVersion: 4
  m_Component:
  - 224: {fileID: 217525108}
  - 222: {fileID: 217525110}
  - 114: {fileID: 217525109}
  m_Layer: 5
  m_Name: Text
  m_TagString: Untagged
  m_Icon: {fileID: 0}
  m_NavMeshLayer: 0
  m_StaticEditorFlags: 0
  m_IsActive: 1
--- !u!224 &217525108
RectTransform:
  m_ObjectHideFlags: 0
  m_PrefabParentObject: {fileID: 22418020, guid: 3c2b2ca1c031e4d4dae4e529aea0cd6a,
    type: 2}
  m_PrefabInternal: {fileID: 1732031337}
  m_GameObject: {fileID: 217525107}
  m_LocalRotation: {x: 0, y: 0, z: 0, w: 1}
  m_LocalPosition: {x: 0, y: 0, z: 0}
  m_LocalScale: {x: 1, y: 1, z: 1}
  m_LocalEulerAnglesHint: {x: 0, y: 0, z: 0}
  m_Children: []
  m_Father: {fileID: 1616638941}
  m_RootOrder: 4
  m_AnchorMin: {x: 0.5, y: 0.5}
  m_AnchorMax: {x: 0.5, y: 0.5}
  m_AnchoredPosition: {x: 234, y: -0.000030517578}
  m_SizeDelta: {x: 41, y: 27}
  m_Pivot: {x: 0.5, y: 0.5}
--- !u!114 &217525109
MonoBehaviour:
  m_ObjectHideFlags: 0
  m_PrefabParentObject: {fileID: 11418020, guid: 3c2b2ca1c031e4d4dae4e529aea0cd6a,
    type: 2}
  m_PrefabInternal: {fileID: 1732031337}
  m_GameObject: {fileID: 217525107}
  m_Enabled: 1
  m_EditorHideFlags: 0
  m_Script: {fileID: 708705254, guid: f5f67c52d1564df4a8936ccd202a3bd8, type: 3}
  m_Name: 
  m_EditorClassIdentifier: 
  m_Material: {fileID: 0}
  m_Color: {r: 1, g: 1, b: 1, a: 1}
  m_RaycastTarget: 1
  m_OnCullStateChanged:
    m_PersistentCalls:
      m_Calls: []
    m_TypeName: UnityEngine.UI.MaskableGraphic+CullStateChangedEvent, UnityEngine.UI,
      Version=1.0.0.0, Culture=neutral, PublicKeyToken=null
  m_FontData:
    m_Font: {fileID: 12800000, guid: bd1ea67ca2b5742d1a24fcbdc17c55e1, type: 3}
    m_FontSize: 15
    m_FontStyle: 0
    m_BestFit: 0
    m_MinSize: 10
    m_MaxSize: 40
    m_Alignment: 5
    m_AlignByGeometry: 0
    m_RichText: 1
    m_HorizontalOverflow: 0
    m_VerticalOverflow: 0
    m_LineSpacing: 1
  m_Text: -3:28
--- !u!222 &217525110
CanvasRenderer:
  m_ObjectHideFlags: 0
  m_PrefabParentObject: {fileID: 22218020, guid: 3c2b2ca1c031e4d4dae4e529aea0cd6a,
    type: 2}
  m_PrefabInternal: {fileID: 1732031337}
  m_GameObject: {fileID: 217525107}
--- !u!1 &442532277
GameObject:
  m_ObjectHideFlags: 0
  m_PrefabParentObject: {fileID: 118016, guid: 3c2b2ca1c031e4d4dae4e529aea0cd6a, type: 2}
  m_PrefabInternal: {fileID: 1732031337}
  serializedVersion: 4
  m_Component:
  - 224: {fileID: 442532278}
  - 222: {fileID: 442532280}
  - 114: {fileID: 442532279}
  m_Layer: 5
  m_Name: Image
  m_TagString: Untagged
  m_Icon: {fileID: 0}
  m_NavMeshLayer: 0
  m_StaticEditorFlags: 0
  m_IsActive: 1
--- !u!224 &442532278
RectTransform:
  m_ObjectHideFlags: 0
  m_PrefabParentObject: {fileID: 22418016, guid: 3c2b2ca1c031e4d4dae4e529aea0cd6a,
    type: 2}
  m_PrefabInternal: {fileID: 1732031337}
  m_GameObject: {fileID: 442532277}
  m_LocalRotation: {x: 0, y: 0, z: 0, w: 1}
  m_LocalPosition: {x: 0, y: 0, z: 0}
  m_LocalScale: {x: 1, y: 1, z: 1}
  m_LocalEulerAnglesHint: {x: 0, y: 0, z: 0}
  m_Children: []
  m_Father: {fileID: 1374961613}
  m_RootOrder: 0
  m_AnchorMin: {x: 0.5, y: 0.5}
  m_AnchorMax: {x: 0.5, y: 0.5}
  m_AnchoredPosition: {x: -0.125, y: 0}
  m_SizeDelta: {x: 361, y: 506}
  m_Pivot: {x: 0.5, y: 0.5}
--- !u!114 &442532279
MonoBehaviour:
  m_ObjectHideFlags: 0
  m_PrefabParentObject: {fileID: 11418014, guid: 3c2b2ca1c031e4d4dae4e529aea0cd6a,
    type: 2}
  m_PrefabInternal: {fileID: 1732031337}
  m_GameObject: {fileID: 442532277}
  m_Enabled: 1
  m_EditorHideFlags: 0
  m_Script: {fileID: -765806418, guid: f5f67c52d1564df4a8936ccd202a3bd8, type: 3}
  m_Name: 
  m_EditorClassIdentifier: 
  m_Material: {fileID: 0}
  m_Color: {r: 0.86764705, g: 0.86764705, b: 0.86764705, a: 1}
  m_RaycastTarget: 1
  m_OnCullStateChanged:
    m_PersistentCalls:
      m_Calls: []
    m_TypeName: UnityEngine.UI.MaskableGraphic+CullStateChangedEvent, UnityEngine.UI,
      Version=1.0.0.0, Culture=neutral, PublicKeyToken=null
  m_Sprite: {fileID: 21300000, guid: 11619e2e053004f64a8e9c75c0b74b0f, type: 3}
  m_Type: 0
  m_PreserveAspect: 0
  m_FillCenter: 1
  m_FillMethod: 4
  m_FillAmount: 1
  m_FillClockwise: 1
  m_FillOrigin: 0
--- !u!222 &442532280
CanvasRenderer:
  m_ObjectHideFlags: 0
  m_PrefabParentObject: {fileID: 22218016, guid: 3c2b2ca1c031e4d4dae4e529aea0cd6a,
    type: 2}
  m_PrefabInternal: {fileID: 1732031337}
  m_GameObject: {fileID: 442532277}
--- !u!1 &552602650
GameObject:
  m_ObjectHideFlags: 0
  m_PrefabParentObject: {fileID: 117998, guid: 3c2b2ca1c031e4d4dae4e529aea0cd6a, type: 2}
  m_PrefabInternal: {fileID: 1732031337}
  serializedVersion: 4
  m_Component:
  - 224: {fileID: 552602651}
  - 114: {fileID: 552602652}
  m_Layer: 5
  m_Name: Volume
  m_TagString: Untagged
  m_Icon: {fileID: 0}
  m_NavMeshLayer: 0
  m_StaticEditorFlags: 0
  m_IsActive: 1
--- !u!224 &552602651
RectTransform:
  m_ObjectHideFlags: 0
  m_PrefabParentObject: {fileID: 22417998, guid: 3c2b2ca1c031e4d4dae4e529aea0cd6a,
    type: 2}
  m_PrefabInternal: {fileID: 1732031337}
  m_GameObject: {fileID: 552602650}
  m_LocalRotation: {x: 0, y: 0, z: 0, w: 1}
  m_LocalPosition: {x: 0, y: 0, z: 0}
  m_LocalScale: {x: 1, y: 1, z: 1}
  m_LocalEulerAnglesHint: {x: 0, y: 0, z: 0}
  m_Children:
  - {fileID: 711484922}
  - {fileID: 1131281410}
  - {fileID: 769982161}
  m_Father: {fileID: 773218268}
  m_RootOrder: 0
  m_AnchorMin: {x: 0.5, y: 0.5}
  m_AnchorMax: {x: 0.5, y: 0.5}
  m_AnchoredPosition: {x: 6, y: 0}
  m_SizeDelta: {x: 260.3, y: 20}
  m_Pivot: {x: 0.5, y: 0.5}
--- !u!114 &552602652
MonoBehaviour:
  m_ObjectHideFlags: 0
  m_PrefabParentObject: {fileID: 11417992, guid: 3c2b2ca1c031e4d4dae4e529aea0cd6a,
    type: 2}
  m_PrefabInternal: {fileID: 1732031337}
  m_GameObject: {fileID: 552602650}
  m_Enabled: 1
  m_EditorHideFlags: 0
  m_Script: {fileID: -113659843, guid: f5f67c52d1564df4a8936ccd202a3bd8, type: 3}
  m_Name: 
  m_EditorClassIdentifier: 
  m_Navigation:
    m_Mode: 3
    m_SelectOnUp: {fileID: 0}
    m_SelectOnDown: {fileID: 0}
    m_SelectOnLeft: {fileID: 0}
    m_SelectOnRight: {fileID: 0}
  m_Transition: 1
  m_Colors:
    m_NormalColor: {r: 1, g: 1, b: 1, a: 1}
    m_HighlightedColor: {r: 0.9607843, g: 0.9607843, b: 0.9607843, a: 1}
    m_PressedColor: {r: 0.78431374, g: 0.78431374, b: 0.78431374, a: 1}
    m_DisabledColor: {r: 0.78431374, g: 0.78431374, b: 0.78431374, a: 0.5019608}
    m_ColorMultiplier: 1.49
    m_FadeDuration: 0.1
  m_SpriteState:
    m_HighlightedSprite: {fileID: 0}
    m_PressedSprite: {fileID: 0}
    m_DisabledSprite: {fileID: 0}
  m_AnimationTriggers:
    m_NormalTrigger: Normal
    m_HighlightedTrigger: Highlighted
    m_PressedTrigger: Pressed
    m_DisabledTrigger: Disabled
  m_Interactable: 1
  m_TargetGraphic: {fileID: 1418181994}
  m_FillRect: {fileID: 857190385}
  m_HandleRect: {fileID: 1418181993}
  m_Direction: 0
  m_MinValue: 0
  m_MaxValue: 1
  m_WholeNumbers: 0
  m_Value: 0.382
  m_OnValueChanged:
    m_PersistentCalls:
      m_Calls: []
    m_TypeName: UnityEngine.UI.Slider+SliderEvent, UnityEngine.UI, Version=1.0.0.0,
      Culture=neutral, PublicKeyToken=null
--- !u!1 &562907719
GameObject:
  m_ObjectHideFlags: 0
  m_PrefabParentObject: {fileID: 117964, guid: 3c2b2ca1c031e4d4dae4e529aea0cd6a, type: 2}
  m_PrefabInternal: {fileID: 1732031337}
  serializedVersion: 4
  m_Component:
  - 224: {fileID: 562907720}
  - 222: {fileID: 562907722}
  - 114: {fileID: 562907721}
  m_Layer: 5
  m_Name: AppTitle
  m_TagString: Untagged
  m_Icon: {fileID: 0}
  m_NavMeshLayer: 0
  m_StaticEditorFlags: 0
  m_IsActive: 1
--- !u!224 &562907720
RectTransform:
  m_ObjectHideFlags: 0
  m_PrefabParentObject: {fileID: 22417964, guid: 3c2b2ca1c031e4d4dae4e529aea0cd6a,
    type: 2}
  m_PrefabInternal: {fileID: 1732031337}
  m_GameObject: {fileID: 562907719}
  m_LocalRotation: {x: 0, y: 0, z: 0, w: 1}
  m_LocalPosition: {x: 0, y: 0, z: 0}
  m_LocalScale: {x: 1, y: 1, z: 1}
  m_LocalEulerAnglesHint: {x: 0, y: 0, z: 0}
  m_Children: []
  m_Father: {fileID: 193056501}
  m_RootOrder: 0
  m_AnchorMin: {x: 0.5, y: 0.5}
  m_AnchorMax: {x: 0.5, y: 0.5}
  m_AnchoredPosition: {x: 0, y: -71}
  m_SizeDelta: {x: 695, y: 67}
  m_Pivot: {x: 0.5, y: 0.5}
--- !u!114 &562907721
MonoBehaviour:
  m_ObjectHideFlags: 0
  m_PrefabParentObject: {fileID: 11417954, guid: 3c2b2ca1c031e4d4dae4e529aea0cd6a,
    type: 2}
  m_PrefabInternal: {fileID: 1732031337}
  m_GameObject: {fileID: 562907719}
  m_Enabled: 1
  m_EditorHideFlags: 0
  m_Script: {fileID: 708705254, guid: f5f67c52d1564df4a8936ccd202a3bd8, type: 3}
  m_Name: 
  m_EditorClassIdentifier: 
  m_Material: {fileID: 0}
  m_Color: {r: 0.85490197, g: 0.85490197, b: 0.85490197, a: 1}
  m_RaycastTarget: 1
  m_OnCullStateChanged:
    m_PersistentCalls:
      m_Calls: []
    m_TypeName: UnityEngine.UI.MaskableGraphic+CullStateChangedEvent, UnityEngine.UI,
      Version=1.0.0.0, Culture=neutral, PublicKeyToken=null
  m_FontData:
    m_Font: {fileID: 12800000, guid: 218956a5c2a6e42d6a60afccf80b002b, type: 3}
    m_FontSize: 40
    m_FontStyle: 0
    m_BestFit: 0
    m_MinSize: 10
    m_MaxSize: 40
    m_Alignment: 0
    m_AlignByGeometry: 0
    m_RichText: 1
    m_HorizontalOverflow: 0
    m_VerticalOverflow: 1
    m_LineSpacing: 1
  m_Text: APP SAMPLE
--- !u!222 &562907722
CanvasRenderer:
  m_ObjectHideFlags: 0
  m_PrefabParentObject: {fileID: 22217974, guid: 3c2b2ca1c031e4d4dae4e529aea0cd6a,
    type: 2}
  m_PrefabInternal: {fileID: 1732031337}
  m_GameObject: {fileID: 562907719}
--- !u!1 &711484921
GameObject:
  m_ObjectHideFlags: 0
  m_PrefabParentObject: {fileID: 118008, guid: 3c2b2ca1c031e4d4dae4e529aea0cd6a, type: 2}
  m_PrefabInternal: {fileID: 1732031337}
  serializedVersion: 4
  m_Component:
  - 224: {fileID: 711484922}
  - 222: {fileID: 711484924}
  - 114: {fileID: 711484923}
  m_Layer: 5
  m_Name: Background
  m_TagString: Untagged
  m_Icon: {fileID: 0}
  m_NavMeshLayer: 0
  m_StaticEditorFlags: 0
  m_IsActive: 1
--- !u!224 &711484922
RectTransform:
  m_ObjectHideFlags: 0
  m_PrefabParentObject: {fileID: 22418008, guid: 3c2b2ca1c031e4d4dae4e529aea0cd6a,
    type: 2}
  m_PrefabInternal: {fileID: 1732031337}
  m_GameObject: {fileID: 711484921}
  m_LocalRotation: {x: 0, y: 0, z: 0, w: 1}
  m_LocalPosition: {x: 0, y: 0, z: 0}
  m_LocalScale: {x: 1, y: 1, z: 1}
  m_LocalEulerAnglesHint: {x: 0, y: 0, z: 0}
  m_Children: []
  m_Father: {fileID: 552602651}
  m_RootOrder: 0
  m_AnchorMin: {x: 0, y: 0.25}
  m_AnchorMax: {x: 1, y: 0.75}
  m_AnchoredPosition: {x: -5.0000014, y: 0}
  m_SizeDelta: {x: -10, y: -6}
  m_Pivot: {x: 0.5, y: 0.5}
--- !u!114 &711484923
MonoBehaviour:
  m_ObjectHideFlags: 0
  m_PrefabParentObject: {fileID: 11418006, guid: 3c2b2ca1c031e4d4dae4e529aea0cd6a,
    type: 2}
  m_PrefabInternal: {fileID: 1732031337}
  m_GameObject: {fileID: 711484921}
  m_Enabled: 1
  m_EditorHideFlags: 0
  m_Script: {fileID: -765806418, guid: f5f67c52d1564df4a8936ccd202a3bd8, type: 3}
  m_Name: 
  m_EditorClassIdentifier: 
  m_Material: {fileID: 0}
  m_Color: {r: 0.08823532, g: 0.08823532, b: 0.08823532, a: 1}
  m_RaycastTarget: 1
  m_OnCullStateChanged:
    m_PersistentCalls:
      m_Calls: []
    m_TypeName: UnityEngine.UI.MaskableGraphic+CullStateChangedEvent, UnityEngine.UI,
      Version=1.0.0.0, Culture=neutral, PublicKeyToken=null
  m_Sprite: {fileID: 21300000, guid: 7ed1238760b863f4aafde32ab3a6f28c, type: 3}
  m_Type: 1
  m_PreserveAspect: 0
  m_FillCenter: 1
  m_FillMethod: 4
  m_FillAmount: 1
  m_FillClockwise: 1
  m_FillOrigin: 0
--- !u!222 &711484924
CanvasRenderer:
  m_ObjectHideFlags: 0
  m_PrefabParentObject: {fileID: 22218008, guid: 3c2b2ca1c031e4d4dae4e529aea0cd6a,
    type: 2}
  m_PrefabInternal: {fileID: 1732031337}
  m_GameObject: {fileID: 711484921}
--- !u!1 &769982160
GameObject:
  m_ObjectHideFlags: 0
  m_PrefabParentObject: {fileID: 117956, guid: 3c2b2ca1c031e4d4dae4e529aea0cd6a, type: 2}
  m_PrefabInternal: {fileID: 1732031337}
  serializedVersion: 4
  m_Component:
  - 224: {fileID: 769982161}
  m_Layer: 5
  m_Name: Handle Slide Area
  m_TagString: Untagged
  m_Icon: {fileID: 0}
  m_NavMeshLayer: 0
  m_StaticEditorFlags: 0
  m_IsActive: 1
--- !u!224 &769982161
RectTransform:
  m_ObjectHideFlags: 0
  m_PrefabParentObject: {fileID: 22417956, guid: 3c2b2ca1c031e4d4dae4e529aea0cd6a,
    type: 2}
  m_PrefabInternal: {fileID: 1732031337}
  m_GameObject: {fileID: 769982160}
  m_LocalRotation: {x: 0, y: 0, z: 0, w: 1}
  m_LocalPosition: {x: 0, y: 0, z: 0}
  m_LocalScale: {x: 1, y: 1, z: 1}
  m_LocalEulerAnglesHint: {x: 0, y: 0, z: 0}
  m_Children:
  - {fileID: 1418181993}
  m_Father: {fileID: 552602651}
  m_RootOrder: 2
  m_AnchorMin: {x: 0, y: 0}
  m_AnchorMax: {x: 1, y: 1}
  m_AnchoredPosition: {x: -3.8000488, y: 0}
  m_SizeDelta: {x: -12.5, y: 0}
  m_Pivot: {x: 0.5, y: 0.5}
--- !u!1 &773218267
GameObject:
  m_ObjectHideFlags: 0
  m_PrefabParentObject: {fileID: 117952, guid: 3c2b2ca1c031e4d4dae4e529aea0cd6a, type: 2}
  m_PrefabInternal: {fileID: 1732031337}
  serializedVersion: 4
  m_Component:
  - 224: {fileID: 773218268}
  - 222: {fileID: 773218270}
  - 114: {fileID: 773218269}
  m_Layer: 5
  m_Name: BottomPanel
  m_TagString: Untagged
  m_Icon: {fileID: 0}
  m_NavMeshLayer: 0
  m_StaticEditorFlags: 0
  m_IsActive: 1
--- !u!224 &773218268
RectTransform:
  m_ObjectHideFlags: 0
  m_PrefabParentObject: {fileID: 22417952, guid: 3c2b2ca1c031e4d4dae4e529aea0cd6a,
    type: 2}
  m_PrefabInternal: {fileID: 1732031337}
  m_GameObject: {fileID: 773218267}
  m_LocalRotation: {x: 0, y: 0, z: 0, w: 1}
  m_LocalPosition: {x: 0, y: 0, z: 0}
  m_LocalScale: {x: 1, y: 1, z: 1}
  m_LocalEulerAnglesHint: {x: 0, y: 0, z: 0}
  m_Children:
  - {fileID: 552602651}
  m_Father: {fileID: 1120789398}
  m_RootOrder: 13
  m_AnchorMin: {x: 0.5, y: 0.5}
  m_AnchorMax: {x: 0.5, y: 0.5}
  m_AnchoredPosition: {x: 0, y: -518}
  m_SizeDelta: {x: 640, y: 100}
  m_Pivot: {x: 0.5, y: 0.5}
--- !u!114 &773218269
MonoBehaviour:
  m_ObjectHideFlags: 0
  m_PrefabParentObject: {fileID: 11417938, guid: 3c2b2ca1c031e4d4dae4e529aea0cd6a,
    type: 2}
  m_PrefabInternal: {fileID: 1732031337}
  m_GameObject: {fileID: 773218267}
  m_Enabled: 1
  m_EditorHideFlags: 0
  m_Script: {fileID: -765806418, guid: f5f67c52d1564df4a8936ccd202a3bd8, type: 3}
  m_Name: 
  m_EditorClassIdentifier: 
  m_Material: {fileID: 0}
  m_Color: {r: 0.12156863, g: 0.12156863, b: 0.12156863, a: 1}
  m_RaycastTarget: 1
  m_OnCullStateChanged:
    m_PersistentCalls:
      m_Calls: []
    m_TypeName: UnityEngine.UI.MaskableGraphic+CullStateChangedEvent, UnityEngine.UI,
      Version=1.0.0.0, Culture=neutral, PublicKeyToken=null
  m_Sprite: {fileID: 21300000, guid: 7ed1238760b863f4aafde32ab3a6f28c, type: 3}
  m_Type: 1
  m_PreserveAspect: 0
  m_FillCenter: 1
  m_FillMethod: 4
  m_FillAmount: 1
  m_FillClockwise: 1
  m_FillOrigin: 0
--- !u!222 &773218270
CanvasRenderer:
  m_ObjectHideFlags: 0
  m_PrefabParentObject: {fileID: 22217964, guid: 3c2b2ca1c031e4d4dae4e529aea0cd6a,
    type: 2}
  m_PrefabInternal: {fileID: 1732031337}
  m_GameObject: {fileID: 773218267}
--- !u!1 &857190384
GameObject:
  m_ObjectHideFlags: 0
  m_PrefabParentObject: {fileID: 118002, guid: 3c2b2ca1c031e4d4dae4e529aea0cd6a, type: 2}
  m_PrefabInternal: {fileID: 1732031337}
  serializedVersion: 4
  m_Component:
  - 224: {fileID: 857190385}
  - 222: {fileID: 857190387}
  - 114: {fileID: 857190386}
  m_Layer: 5
  m_Name: Fill
  m_TagString: Untagged
  m_Icon: {fileID: 0}
  m_NavMeshLayer: 0
  m_StaticEditorFlags: 0
  m_IsActive: 1
--- !u!224 &857190385
RectTransform:
  m_ObjectHideFlags: 0
  m_PrefabParentObject: {fileID: 22418002, guid: 3c2b2ca1c031e4d4dae4e529aea0cd6a,
    type: 2}
  m_PrefabInternal: {fileID: 1732031337}
  m_GameObject: {fileID: 857190384}
  m_LocalRotation: {x: 0, y: 0, z: 0, w: 1}
  m_LocalPosition: {x: 0, y: 0, z: 0}
  m_LocalScale: {x: 1, y: 1, z: 1}
  m_LocalEulerAnglesHint: {x: 0, y: 0, z: 0}
  m_Children: []
  m_Father: {fileID: 1131281410}
  m_RootOrder: 0
  m_AnchorMin: {x: 0, y: 0}
  m_AnchorMax: {x: 0, y: 0}
  m_AnchoredPosition: {x: 2.5000014, y: 0}
  m_SizeDelta: {x: 5, y: -6}
  m_Pivot: {x: 0.5, y: 0.5}
--- !u!114 &857190386
MonoBehaviour:
  m_ObjectHideFlags: 0
  m_PrefabParentObject: {fileID: 11417998, guid: 3c2b2ca1c031e4d4dae4e529aea0cd6a,
    type: 2}
  m_PrefabInternal: {fileID: 1732031337}
  m_GameObject: {fileID: 857190384}
  m_Enabled: 1
  m_EditorHideFlags: 0
  m_Script: {fileID: -765806418, guid: f5f67c52d1564df4a8936ccd202a3bd8, type: 3}
  m_Name: 
  m_EditorClassIdentifier: 
  m_Material: {fileID: 0}
  m_Color: {r: 1, g: 1, b: 1, a: 1}
  m_RaycastTarget: 1
  m_OnCullStateChanged:
    m_PersistentCalls:
      m_Calls: []
    m_TypeName: UnityEngine.UI.MaskableGraphic+CullStateChangedEvent, UnityEngine.UI,
      Version=1.0.0.0, Culture=neutral, PublicKeyToken=null
  m_Sprite: {fileID: 21300000, guid: 7ed1238760b863f4aafde32ab3a6f28c, type: 3}
  m_Type: 1
  m_PreserveAspect: 0
  m_FillCenter: 1
  m_FillMethod: 4
  m_FillAmount: 1
  m_FillClockwise: 1
  m_FillOrigin: 0
--- !u!222 &857190387
CanvasRenderer:
  m_ObjectHideFlags: 0
  m_PrefabParentObject: {fileID: 22218002, guid: 3c2b2ca1c031e4d4dae4e529aea0cd6a,
    type: 2}
  m_PrefabInternal: {fileID: 1732031337}
  m_GameObject: {fileID: 857190384}
--- !u!1 &975060488
GameObject:
  m_ObjectHideFlags: 0
  m_PrefabParentObject: {fileID: 117986, guid: 3c2b2ca1c031e4d4dae4e529aea0cd6a, type: 2}
  m_PrefabInternal: {fileID: 1732031337}
  serializedVersion: 4
  m_Component:
  - 224: {fileID: 975060493}
  - 223: {fileID: 975060492}
  - 114: {fileID: 975060491}
  - 114: {fileID: 975060490}
  - 222: {fileID: 975060489}
  m_Layer: 5
  m_Name: MusicApp_1
  m_TagString: Untagged
  m_Icon: {fileID: 0}
  m_NavMeshLayer: 0
  m_StaticEditorFlags: 0
  m_IsActive: 1
--- !u!222 &975060489
CanvasRenderer:
  m_ObjectHideFlags: 0
  m_PrefabParentObject: {fileID: 22217990, guid: 3c2b2ca1c031e4d4dae4e529aea0cd6a,
    type: 2}
  m_PrefabInternal: {fileID: 1732031337}
  m_GameObject: {fileID: 975060488}
--- !u!114 &975060490
MonoBehaviour:
  m_ObjectHideFlags: 0
  m_PrefabParentObject: {fileID: 11417978, guid: 3c2b2ca1c031e4d4dae4e529aea0cd6a,
    type: 2}
  m_PrefabInternal: {fileID: 1732031337}
  m_GameObject: {fileID: 975060488}
  m_Enabled: 1
  m_EditorHideFlags: 0
  m_Script: {fileID: 1301386320, guid: f5f67c52d1564df4a8936ccd202a3bd8, type: 3}
  m_Name: 
  m_EditorClassIdentifier: 
  m_IgnoreReversedGraphics: 1
  m_BlockingObjects: 0
  m_BlockingMask:
    serializedVersion: 2
    m_Bits: 4294967295
--- !u!114 &975060491
MonoBehaviour:
  m_ObjectHideFlags: 0
  m_PrefabParentObject: {fileID: 11417976, guid: 3c2b2ca1c031e4d4dae4e529aea0cd6a,
    type: 2}
  m_PrefabInternal: {fileID: 1732031337}
  m_GameObject: {fileID: 975060488}
  m_Enabled: 1
  m_EditorHideFlags: 0
  m_Script: {fileID: 1980459831, guid: f5f67c52d1564df4a8936ccd202a3bd8, type: 3}
  m_Name: 
  m_EditorClassIdentifier: 
  m_UiScaleMode: 1
  m_ReferencePixelsPerUnit: 100
  m_ScaleFactor: 1
  m_ReferenceResolution: {x: 640, y: 1136}
  m_ScreenMatchMode: 0
  m_MatchWidthOrHeight: 1
  m_PhysicalUnit: 3
  m_FallbackScreenDPI: 96
  m_DefaultSpriteDPI: 96
  m_DynamicPixelsPerUnit: 1
--- !u!223 &975060492
Canvas:
  m_ObjectHideFlags: 0
  m_PrefabParentObject: {fileID: 22318020, guid: 3c2b2ca1c031e4d4dae4e529aea0cd6a,
    type: 2}
  m_PrefabInternal: {fileID: 1732031337}
  m_GameObject: {fileID: 975060488}
  m_Enabled: 1
  serializedVersion: 2
  m_RenderMode: 0
  m_Camera: {fileID: 0}
  m_PlaneDistance: 100
  m_PixelPerfect: 1
  m_ReceivesEvents: 1
  m_OverrideSorting: 0
  m_OverridePixelPerfect: 0
  m_SortingBucketNormalizedSize: 0
  m_SortingLayerID: 0
  m_SortingOrder: 0
  m_TargetDisplay: 0
--- !u!224 &975060493
RectTransform:
  m_ObjectHideFlags: 0
  m_PrefabParentObject: {fileID: 22417986, guid: 3c2b2ca1c031e4d4dae4e529aea0cd6a,
    type: 2}
  m_PrefabInternal: {fileID: 1732031337}
  m_GameObject: {fileID: 975060488}
  m_LocalRotation: {x: 0, y: 0, z: 0, w: 1}
  m_LocalPosition: {x: 0, y: 0, z: 0}
  m_LocalScale: {x: 0, y: 0, z: 0}
  m_LocalEulerAnglesHint: {x: 0, y: 0, z: 0}
  m_Children:
  - {fileID: 1120789398}
  - {fileID: 193056501}
  m_Father: {fileID: 0}
  m_RootOrder: 0
  m_AnchorMin: {x: 0, y: 0}
  m_AnchorMax: {x: 0, y: 0}
  m_AnchoredPosition: {x: 0, y: 0}
  m_SizeDelta: {x: 0, y: 0}
  m_Pivot: {x: 0, y: 0}
--- !u!1 &1120789397
GameObject:
  m_ObjectHideFlags: 0
  m_PrefabParentObject: {fileID: 117958, guid: 3c2b2ca1c031e4d4dae4e529aea0cd6a, type: 2}
  m_PrefabInternal: {fileID: 1732031337}
  serializedVersion: 4
  m_Component:
  - 224: {fileID: 1120789398}
  - 222: {fileID: 1120789401}
  - 114: {fileID: 1120789400}
  - 114: {fileID: 1120789399}
  m_Layer: 5
  m_Name: Panel
  m_TagString: Untagged
  m_Icon: {fileID: 0}
  m_NavMeshLayer: 0
  m_StaticEditorFlags: 0
  m_IsActive: 1
--- !u!224 &1120789398
RectTransform:
  m_ObjectHideFlags: 0
  m_PrefabParentObject: {fileID: 22417958, guid: 3c2b2ca1c031e4d4dae4e529aea0cd6a,
    type: 2}
  m_PrefabInternal: {fileID: 1732031337}
  m_GameObject: {fileID: 1120789397}
  m_LocalRotation: {x: 0, y: 0, z: 0, w: 1}
  m_LocalPosition: {x: 0, y: 0, z: 0}
  m_LocalScale: {x: 1, y: 1, z: 1}
  m_LocalEulerAnglesHint: {x: 0, y: 0, z: 0}
  m_Children:
  - {fileID: 2100767485}
  - {fileID: 2040681470}
  - {fileID: 114458519}
  - {fileID: 1616638941}
  - {fileID: 1209819740}
  - {fileID: 1793855556}
  - {fileID: 1984403075}
  - {fileID: 1313955797}
  - {fileID: 1228766713}
  - {fileID: 1817059111}
  - {fileID: 1261013084}
  - {fileID: 1805240815}
  - {fileID: 45556717}
  - {fileID: 773218268}
  - {fileID: 1374961613}
  m_Father: {fileID: 975060493}
  m_RootOrder: 0
  m_AnchorMin: {x: 0.5, y: 0.5}
  m_AnchorMax: {x: 0.5, y: 0.5}
  m_AnchoredPosition: {x: 0, y: 0}
  m_SizeDelta: {x: 640, y: 1136}
  m_Pivot: {x: 0.5, y: 0.5}
--- !u!114 &1120789399
MonoBehaviour:
  m_ObjectHideFlags: 0
  m_PrefabParentObject: {fileID: 11417944, guid: 3c2b2ca1c031e4d4dae4e529aea0cd6a,
    type: 2}
  m_PrefabInternal: {fileID: 1732031337}
  m_GameObject: {fileID: 1120789397}
  m_Enabled: 1
  m_EditorHideFlags: 0
  m_Script: {fileID: -1200242548, guid: f5f67c52d1564df4a8936ccd202a3bd8, type: 3}
  m_Name: 
  m_EditorClassIdentifier: 
  m_ShowMaskGraphic: 1
--- !u!114 &1120789400
MonoBehaviour:
  m_ObjectHideFlags: 0
  m_PrefabParentObject: {fileID: 11417942, guid: 3c2b2ca1c031e4d4dae4e529aea0cd6a,
    type: 2}
  m_PrefabInternal: {fileID: 1732031337}
  m_GameObject: {fileID: 1120789397}
  m_Enabled: 1
  m_EditorHideFlags: 0
  m_Script: {fileID: -765806418, guid: f5f67c52d1564df4a8936ccd202a3bd8, type: 3}
  m_Name: 
  m_EditorClassIdentifier: 
  m_Material: {fileID: 0}
  m_Color: {r: 0.12156863, g: 0.12156863, b: 0.12156863, a: 1}
  m_RaycastTarget: 1
  m_OnCullStateChanged:
    m_PersistentCalls:
      m_Calls: []
    m_TypeName: UnityEngine.UI.MaskableGraphic+CullStateChangedEvent, UnityEngine.UI,
      Version=1.0.0.0, Culture=neutral, PublicKeyToken=null
  m_Sprite: {fileID: 21300000, guid: 7ed1238760b863f4aafde32ab3a6f28c, type: 3}
  m_Type: 1
  m_PreserveAspect: 0
  m_FillCenter: 1
  m_FillMethod: 4
  m_FillAmount: 1
  m_FillClockwise: 1
  m_FillOrigin: 0
--- !u!222 &1120789401
CanvasRenderer:
  m_ObjectHideFlags: 0
  m_PrefabParentObject: {fileID: 22217968, guid: 3c2b2ca1c031e4d4dae4e529aea0cd6a,
    type: 2}
  m_PrefabInternal: {fileID: 1732031337}
  m_GameObject: {fileID: 1120789397}
--- !u!1 &1131281409
GameObject:
  m_ObjectHideFlags: 0
  m_PrefabParentObject: {fileID: 117976, guid: 3c2b2ca1c031e4d4dae4e529aea0cd6a, type: 2}
  m_PrefabInternal: {fileID: 1732031337}
  serializedVersion: 4
  m_Component:
  - 224: {fileID: 1131281410}
  m_Layer: 5
  m_Name: Fill Area
  m_TagString: Untagged
  m_Icon: {fileID: 0}
  m_NavMeshLayer: 0
  m_StaticEditorFlags: 0
  m_IsActive: 1
--- !u!224 &1131281410
RectTransform:
  m_ObjectHideFlags: 0
  m_PrefabParentObject: {fileID: 22417976, guid: 3c2b2ca1c031e4d4dae4e529aea0cd6a,
    type: 2}
  m_PrefabInternal: {fileID: 1732031337}
  m_GameObject: {fileID: 1131281409}
  m_LocalRotation: {x: 0, y: 0, z: 0, w: 1}
  m_LocalPosition: {x: 0, y: 0, z: 0}
  m_LocalScale: {x: 1, y: 1, z: 1}
  m_LocalEulerAnglesHint: {x: 0, y: 0, z: 0}
  m_Children:
  - {fileID: 857190385}
  m_Father: {fileID: 552602651}
  m_RootOrder: 1
  m_AnchorMin: {x: 0, y: 0.25}
  m_AnchorMax: {x: 1, y: 0.75}
  m_AnchoredPosition: {x: -7.499997, y: 0}
  m_SizeDelta: {x: -15, y: 0}
  m_Pivot: {x: 0.5, y: 0.5}
--- !u!1 &1187925993
GameObject:
  m_ObjectHideFlags: 0
  m_PrefabParentObject: {fileID: 118010, guid: 3c2b2ca1c031e4d4dae4e529aea0cd6a, type: 2}
  m_PrefabInternal: {fileID: 1732031337}
  serializedVersion: 4
  m_Component:
  - 224: {fileID: 1187925994}
  - 222: {fileID: 1187925996}
  - 114: {fileID: 1187925995}
  m_Layer: 5
  m_Name: Text
  m_TagString: Untagged
  m_Icon: {fileID: 0}
  m_NavMeshLayer: 0
  m_StaticEditorFlags: 0
  m_IsActive: 1
--- !u!224 &1187925994
RectTransform:
  m_ObjectHideFlags: 0
  m_PrefabParentObject: {fileID: 22418010, guid: 3c2b2ca1c031e4d4dae4e529aea0cd6a,
    type: 2}
  m_PrefabInternal: {fileID: 1732031337}
  m_GameObject: {fileID: 1187925993}
  m_LocalRotation: {x: 0, y: 0, z: 0, w: 1}
  m_LocalPosition: {x: 0, y: 0, z: 0}
  m_LocalScale: {x: 1, y: 1, z: 1}
  m_LocalEulerAnglesHint: {x: 0, y: 0, z: 0}
  m_Children: []
  m_Father: {fileID: 1616638941}
  m_RootOrder: 3
  m_AnchorMin: {x: 0.5, y: 0.5}
  m_AnchorMax: {x: 0.5, y: 0.5}
  m_AnchoredPosition: {x: -246, y: -0.000030517578}
  m_SizeDelta: {x: 41, y: 27}
  m_Pivot: {x: 0.5, y: 0.5}
--- !u!114 &1187925995
MonoBehaviour:
  m_ObjectHideFlags: 0
  m_PrefabParentObject: {fileID: 11418008, guid: 3c2b2ca1c031e4d4dae4e529aea0cd6a,
    type: 2}
  m_PrefabInternal: {fileID: 1732031337}
  m_GameObject: {fileID: 1187925993}
  m_Enabled: 1
  m_EditorHideFlags: 0
  m_Script: {fileID: 708705254, guid: f5f67c52d1564df4a8936ccd202a3bd8, type: 3}
  m_Name: 
  m_EditorClassIdentifier: 
  m_Material: {fileID: 0}
  m_Color: {r: 1, g: 1, b: 1, a: 1}
  m_RaycastTarget: 1
  m_OnCullStateChanged:
    m_PersistentCalls:
      m_Calls: []
    m_TypeName: UnityEngine.UI.MaskableGraphic+CullStateChangedEvent, UnityEngine.UI,
      Version=1.0.0.0, Culture=neutral, PublicKeyToken=null
  m_FontData:
    m_Font: {fileID: 12800000, guid: bd1ea67ca2b5742d1a24fcbdc17c55e1, type: 3}
    m_FontSize: 15
    m_FontStyle: 0
    m_BestFit: 0
    m_MinSize: 10
    m_MaxSize: 40
    m_Alignment: 3
    m_AlignByGeometry: 0
    m_RichText: 1
    m_HorizontalOverflow: 0
    m_VerticalOverflow: 0
    m_LineSpacing: 1
  m_Text: 0:00
--- !u!222 &1187925996
CanvasRenderer:
  m_ObjectHideFlags: 0
  m_PrefabParentObject: {fileID: 22218010, guid: 3c2b2ca1c031e4d4dae4e529aea0cd6a,
    type: 2}
  m_PrefabInternal: {fileID: 1732031337}
  m_GameObject: {fileID: 1187925993}
--- !u!1 &1209819739
GameObject:
  m_ObjectHideFlags: 0
  m_PrefabParentObject: {fileID: 117988, guid: 3c2b2ca1c031e4d4dae4e529aea0cd6a, type: 2}
  m_PrefabInternal: {fileID: 1732031337}
  serializedVersion: 4
  m_Component:
  - 224: {fileID: 1209819740}
  - 222: {fileID: 1209819743}
  - 114: {fileID: 1209819742}
  - 114: {fileID: 1209819741}
  m_Layer: 5
  m_Name: Button
  m_TagString: Untagged
  m_Icon: {fileID: 0}
  m_NavMeshLayer: 0
  m_StaticEditorFlags: 0
  m_IsActive: 1
--- !u!224 &1209819740
RectTransform:
  m_ObjectHideFlags: 0
  m_PrefabParentObject: {fileID: 22417988, guid: 3c2b2ca1c031e4d4dae4e529aea0cd6a,
    type: 2}
  m_PrefabInternal: {fileID: 1732031337}
  m_GameObject: {fileID: 1209819739}
  m_LocalRotation: {x: 0, y: 0, z: 0, w: 1}
  m_LocalPosition: {x: 0, y: 0, z: 0}
  m_LocalScale: {x: 0.8, y: 0.8, z: 1}
  m_LocalEulerAnglesHint: {x: 0, y: 0, z: 0}
  m_Children: []
  m_Father: {fileID: 1120789398}
  m_RootOrder: 4
  m_AnchorMin: {x: 0.5, y: 0.5}
  m_AnchorMax: {x: 0.5, y: 0.5}
  m_AnchoredPosition: {x: -245.5, y: -33}
  m_SizeDelta: {x: 46, y: 37}
  m_Pivot: {x: 0.5, y: 0.5}
--- !u!114 &1209819741
MonoBehaviour:
  m_ObjectHideFlags: 0
  m_PrefabParentObject: {fileID: 11417982, guid: 3c2b2ca1c031e4d4dae4e529aea0cd6a,
    type: 2}
  m_PrefabInternal: {fileID: 1732031337}
  m_GameObject: {fileID: 1209819739}
  m_Enabled: 1
  m_EditorHideFlags: 0
  m_Script: {fileID: 1392445389, guid: f5f67c52d1564df4a8936ccd202a3bd8, type: 3}
  m_Name: 
  m_EditorClassIdentifier: 
  m_Navigation:
    m_Mode: 3
    m_SelectOnUp: {fileID: 0}
    m_SelectOnDown: {fileID: 0}
    m_SelectOnLeft: {fileID: 0}
    m_SelectOnRight: {fileID: 0}
  m_Transition: 1
  m_Colors:
    m_NormalColor: {r: 1, g: 1, b: 1, a: 1}
    m_HighlightedColor: {r: 0.9607843, g: 0.9607843, b: 0.9607843, a: 1}
    m_PressedColor: {r: 0.78431374, g: 0.78431374, b: 0.78431374, a: 1}
    m_DisabledColor: {r: 0.78431374, g: 0.78431374, b: 0.78431374, a: 0.5019608}
    m_ColorMultiplier: 1
    m_FadeDuration: 0.1
  m_SpriteState:
    m_HighlightedSprite: {fileID: 0}
    m_PressedSprite: {fileID: 0}
    m_DisabledSprite: {fileID: 0}
  m_AnimationTriggers:
    m_NormalTrigger: Normal
    m_HighlightedTrigger: Highlighted
    m_PressedTrigger: Pressed
    m_DisabledTrigger: Disabled
  m_Interactable: 1
  m_TargetGraphic: {fileID: 1209819742}
  m_OnClick:
    m_PersistentCalls:
      m_Calls: []
    m_TypeName: UnityEngine.UI.Button+ButtonClickedEvent, UnityEngine.UI, Version=1.0.0.0,
      Culture=neutral, PublicKeyToken=null
--- !u!114 &1209819742
MonoBehaviour:
  m_ObjectHideFlags: 0
  m_PrefabParentObject: {fileID: 11417980, guid: 3c2b2ca1c031e4d4dae4e529aea0cd6a,
    type: 2}
  m_PrefabInternal: {fileID: 1732031337}
  m_GameObject: {fileID: 1209819739}
  m_Enabled: 1
  m_EditorHideFlags: 0
  m_Script: {fileID: -765806418, guid: f5f67c52d1564df4a8936ccd202a3bd8, type: 3}
  m_Name: 
  m_EditorClassIdentifier: 
  m_Material: {fileID: 0}
  m_Color: {r: 1, g: 1, b: 1, a: 1}
  m_RaycastTarget: 1
  m_OnCullStateChanged:
    m_PersistentCalls:
      m_Calls: []
    m_TypeName: UnityEngine.UI.MaskableGraphic+CullStateChangedEvent, UnityEngine.UI,
      Version=1.0.0.0, Culture=neutral, PublicKeyToken=null
  m_Sprite: {fileID: 21300000, guid: d6c30ca94605b4d2e8c19bde9711c3ae, type: 3}
  m_Type: 0
  m_PreserveAspect: 0
  m_FillCenter: 1
  m_FillMethod: 4
  m_FillAmount: 1
  m_FillClockwise: 1
  m_FillOrigin: 0
--- !u!222 &1209819743
CanvasRenderer:
  m_ObjectHideFlags: 0
  m_PrefabParentObject: {fileID: 22217992, guid: 3c2b2ca1c031e4d4dae4e529aea0cd6a,
    type: 2}
  m_PrefabInternal: {fileID: 1732031337}
  m_GameObject: {fileID: 1209819739}
--- !u!1 &1228766712
GameObject:
  m_ObjectHideFlags: 0
  m_PrefabParentObject: {fileID: 117978, guid: 3c2b2ca1c031e4d4dae4e529aea0cd6a, type: 2}
  m_PrefabInternal: {fileID: 1732031337}
  serializedVersion: 4
  m_Component:
  - 224: {fileID: 1228766713}
  - 222: {fileID: 1228766715}
  - 114: {fileID: 1228766714}
  m_Layer: 5
  m_Name: Text
  m_TagString: Untagged
  m_Icon: {fileID: 0}
  m_NavMeshLayer: 0
  m_StaticEditorFlags: 0
  m_IsActive: 1
--- !u!224 &1228766713
RectTransform:
  m_ObjectHideFlags: 0
  m_PrefabParentObject: {fileID: 22417978, guid: 3c2b2ca1c031e4d4dae4e529aea0cd6a,
    type: 2}
  m_PrefabInternal: {fileID: 1732031337}
  m_GameObject: {fileID: 1228766712}
  m_LocalRotation: {x: 0, y: 0, z: 0, w: 1}
  m_LocalPosition: {x: 0, y: 0, z: 0}
  m_LocalScale: {x: 1, y: 1, z: 1}
  m_LocalEulerAnglesHint: {x: 0, y: 0, z: 0}
  m_Children: []
  m_Father: {fileID: 1120789398}
  m_RootOrder: 8
  m_AnchorMin: {x: 0.5, y: 0.5}
  m_AnchorMax: {x: 0.5, y: 0.5}
  m_AnchoredPosition: {x: 0, y: -86}
  m_SizeDelta: {x: 201.5, y: 55.5}
  m_Pivot: {x: 0.5, y: 0.5}
--- !u!114 &1228766714
MonoBehaviour:
  m_ObjectHideFlags: 0
  m_PrefabParentObject: {fileID: 11417968, guid: 3c2b2ca1c031e4d4dae4e529aea0cd6a,
    type: 2}
  m_PrefabInternal: {fileID: 1732031337}
  m_GameObject: {fileID: 1228766712}
  m_Enabled: 1
  m_EditorHideFlags: 0
  m_Script: {fileID: 708705254, guid: f5f67c52d1564df4a8936ccd202a3bd8, type: 3}
  m_Name: 
  m_EditorClassIdentifier: 
  m_Material: {fileID: 0}
  m_Color: {r: 1, g: 1, b: 1, a: 0.5176471}
  m_RaycastTarget: 1
  m_OnCullStateChanged:
    m_PersistentCalls:
      m_Calls: []
    m_TypeName: UnityEngine.UI.MaskableGraphic+CullStateChangedEvent, UnityEngine.UI,
      Version=1.0.0.0, Culture=neutral, PublicKeyToken=null
  m_FontData:
    m_Font: {fileID: 12800000, guid: bd1ea67ca2b5742d1a24fcbdc17c55e1, type: 3}
    m_FontSize: 15
    m_FontStyle: 0
    m_BestFit: 0
    m_MinSize: 10
    m_MaxSize: 40
    m_Alignment: 4
    m_AlignByGeometry: 0
    m_RichText: 1
    m_HorizontalOverflow: 0
    m_VerticalOverflow: 0
    m_LineSpacing: 1
  m_Text: "\rGrinds"
--- !u!222 &1228766715
CanvasRenderer:
  m_ObjectHideFlags: 0
  m_PrefabParentObject: {fileID: 22217982, guid: 3c2b2ca1c031e4d4dae4e529aea0cd6a,
    type: 2}
  m_PrefabInternal: {fileID: 1732031337}
  m_GameObject: {fileID: 1228766712}
--- !u!1 &1261013083
GameObject:
  m_ObjectHideFlags: 0
  m_PrefabParentObject: {fileID: 117974, guid: 3c2b2ca1c031e4d4dae4e529aea0cd6a, type: 2}
  m_PrefabInternal: {fileID: 1732031337}
  serializedVersion: 4
  m_Component:
  - 224: {fileID: 1261013084}
  - 222: {fileID: 1261013087}
  - 114: {fileID: 1261013086}
  - 114: {fileID: 1261013085}
  m_Layer: 5
  m_Name: Button
  m_TagString: Untagged
  m_Icon: {fileID: 0}
  m_NavMeshLayer: 0
  m_StaticEditorFlags: 0
  m_IsActive: 1
--- !u!224 &1261013084
RectTransform:
  m_ObjectHideFlags: 0
  m_PrefabParentObject: {fileID: 22417974, guid: 3c2b2ca1c031e4d4dae4e529aea0cd6a,
    type: 2}
  m_PrefabInternal: {fileID: 1732031337}
  m_GameObject: {fileID: 1261013083}
  m_LocalRotation: {x: 0, y: 0, z: 0, w: 1}
  m_LocalPosition: {x: 0, y: 0, z: 0}
  m_LocalScale: {x: 0.6, y: 0.6, z: 1}
  m_LocalEulerAnglesHint: {x: 0, y: 0, z: 0}
  m_Children: []
  m_Father: {fileID: 1120789398}
  m_RootOrder: 10
  m_AnchorMin: {x: 0.5, y: 0.5}
  m_AnchorMax: {x: 0.5, y: 0.5}
  m_AnchoredPosition: {x: 170, y: -335}
  m_SizeDelta: {x: 49, y: 30}
  m_Pivot: {x: 0.5, y: 0.5}
--- !u!114 &1261013085
MonoBehaviour:
  m_ObjectHideFlags: 0
  m_PrefabParentObject: {fileID: 11417966, guid: 3c2b2ca1c031e4d4dae4e529aea0cd6a,
    type: 2}
  m_PrefabInternal: {fileID: 1732031337}
  m_GameObject: {fileID: 1261013083}
  m_Enabled: 1
  m_EditorHideFlags: 0
  m_Script: {fileID: 1392445389, guid: f5f67c52d1564df4a8936ccd202a3bd8, type: 3}
  m_Name: 
  m_EditorClassIdentifier: 
  m_Navigation:
    m_Mode: 3
    m_SelectOnUp: {fileID: 0}
    m_SelectOnDown: {fileID: 0}
    m_SelectOnLeft: {fileID: 0}
    m_SelectOnRight: {fileID: 0}
  m_Transition: 1
  m_Colors:
    m_NormalColor: {r: 1, g: 1, b: 1, a: 1}
    m_HighlightedColor: {r: 0.9607843, g: 0.9607843, b: 0.9607843, a: 1}
    m_PressedColor: {r: 0.78431374, g: 0.78431374, b: 0.78431374, a: 1}
    m_DisabledColor: {r: 0.78431374, g: 0.78431374, b: 0.78431374, a: 0.5019608}
    m_ColorMultiplier: 1
    m_FadeDuration: 0.1
  m_SpriteState:
    m_HighlightedSprite: {fileID: 0}
    m_PressedSprite: {fileID: 0}
    m_DisabledSprite: {fileID: 0}
  m_AnimationTriggers:
    m_NormalTrigger: Normal
    m_HighlightedTrigger: Highlighted
    m_PressedTrigger: Pressed
    m_DisabledTrigger: Disabled
  m_Interactable: 1
  m_TargetGraphic: {fileID: 1261013086}
  m_OnClick:
    m_PersistentCalls:
      m_Calls: []
    m_TypeName: UnityEngine.UI.Button+ButtonClickedEvent, UnityEngine.UI, Version=1.0.0.0,
      Culture=neutral, PublicKeyToken=null
--- !u!114 &1261013086
MonoBehaviour:
  m_ObjectHideFlags: 0
  m_PrefabParentObject: {fileID: 11417964, guid: 3c2b2ca1c031e4d4dae4e529aea0cd6a,
    type: 2}
  m_PrefabInternal: {fileID: 1732031337}
  m_GameObject: {fileID: 1261013083}
  m_Enabled: 1
  m_EditorHideFlags: 0
  m_Script: {fileID: -765806418, guid: f5f67c52d1564df4a8936ccd202a3bd8, type: 3}
  m_Name: 
  m_EditorClassIdentifier: 
  m_Material: {fileID: 0}
  m_Color: {r: 1, g: 1, b: 1, a: 1}
  m_RaycastTarget: 1
  m_OnCullStateChanged:
    m_PersistentCalls:
      m_Calls: []
    m_TypeName: UnityEngine.UI.MaskableGraphic+CullStateChangedEvent, UnityEngine.UI,
      Version=1.0.0.0, Culture=neutral, PublicKeyToken=null
  m_Sprite: {fileID: 21300000, guid: 8d3e2c3d8e35f45a799d6dfec6e953a2, type: 3}
  m_Type: 0
  m_PreserveAspect: 0
  m_FillCenter: 1
  m_FillMethod: 4
  m_FillAmount: 1
  m_FillClockwise: 1
  m_FillOrigin: 0
--- !u!222 &1261013087
CanvasRenderer:
  m_ObjectHideFlags: 0
  m_PrefabParentObject: {fileID: 22217980, guid: 3c2b2ca1c031e4d4dae4e529aea0cd6a,
    type: 2}
  m_PrefabInternal: {fileID: 1732031337}
  m_GameObject: {fileID: 1261013083}
--- !u!1 &1277829499
GameObject:
  m_ObjectHideFlags: 0
  m_PrefabParentObject: {fileID: 118014, guid: 3c2b2ca1c031e4d4dae4e529aea0cd6a, type: 2}
  m_PrefabInternal: {fileID: 1732031337}
  serializedVersion: 4
  m_Component:
  - 224: {fileID: 1277829500}
  - 222: {fileID: 1277829502}
  - 114: {fileID: 1277829501}
  m_Layer: 5
  m_Name: Handle
  m_TagString: Untagged
  m_Icon: {fileID: 0}
  m_NavMeshLayer: 0
  m_StaticEditorFlags: 0
  m_IsActive: 1
--- !u!224 &1277829500
RectTransform:
  m_ObjectHideFlags: 0
  m_PrefabParentObject: {fileID: 22418014, guid: 3c2b2ca1c031e4d4dae4e529aea0cd6a,
    type: 2}
  m_PrefabInternal: {fileID: 1732031337}
  m_GameObject: {fileID: 1277829499}
  m_LocalRotation: {x: 0, y: 0, z: 0, w: 1}
  m_LocalPosition: {x: 0, y: 0, z: 0}
  m_LocalScale: {x: 1, y: 1, z: 1}
  m_LocalEulerAnglesHint: {x: 0, y: 0, z: 0}
  m_Children: []
  m_Father: {fileID: 1729072160}
  m_RootOrder: 0
  m_AnchorMin: {x: 0, y: 0}
  m_AnchorMax: {x: 0, y: 0}
  m_AnchoredPosition: {x: 0.000010371208, y: 0.039989013}
  m_SizeDelta: {x: 19.96, y: -0.04}
  m_Pivot: {x: 0.5, y: 0}
--- !u!114 &1277829501
MonoBehaviour:
  m_ObjectHideFlags: 0
  m_PrefabParentObject: {fileID: 11418012, guid: 3c2b2ca1c031e4d4dae4e529aea0cd6a,
    type: 2}
  m_PrefabInternal: {fileID: 1732031337}
  m_GameObject: {fileID: 1277829499}
  m_Enabled: 1
  m_EditorHideFlags: 0
  m_Script: {fileID: -765806418, guid: f5f67c52d1564df4a8936ccd202a3bd8, type: 3}
  m_Name: 
  m_EditorClassIdentifier: 
  m_Material: {fileID: 0}
  m_Color: {r: 1, g: 1, b: 1, a: 1}
  m_RaycastTarget: 1
  m_OnCullStateChanged:
    m_PersistentCalls:
      m_Calls: []
    m_TypeName: UnityEngine.UI.MaskableGraphic+CullStateChangedEvent, UnityEngine.UI,
      Version=1.0.0.0, Culture=neutral, PublicKeyToken=null
  m_Sprite: {fileID: 21300000, guid: f04f7faa5cfd8444a9b61e426135725f, type: 3}
  m_Type: 0
  m_PreserveAspect: 0
  m_FillCenter: 1
  m_FillMethod: 4
  m_FillAmount: 1
  m_FillClockwise: 1
  m_FillOrigin: 0
--- !u!222 &1277829502
CanvasRenderer:
  m_ObjectHideFlags: 0
  m_PrefabParentObject: {fileID: 22218014, guid: 3c2b2ca1c031e4d4dae4e529aea0cd6a,
    type: 2}
  m_PrefabInternal: {fileID: 1732031337}
  m_GameObject: {fileID: 1277829499}
--- !u!1 &1313955796
GameObject:
  m_ObjectHideFlags: 0
  m_PrefabParentObject: {fileID: 117980, guid: 3c2b2ca1c031e4d4dae4e529aea0cd6a, type: 2}
  m_PrefabInternal: {fileID: 1732031337}
  serializedVersion: 4
  m_Component:
  - 224: {fileID: 1313955797}
  - 222: {fileID: 1313955799}
  - 114: {fileID: 1313955798}
  m_Layer: 5
  m_Name: Text
  m_TagString: Untagged
  m_Icon: {fileID: 0}
  m_NavMeshLayer: 0
  m_StaticEditorFlags: 0
  m_IsActive: 1
--- !u!224 &1313955797
RectTransform:
  m_ObjectHideFlags: 0
  m_PrefabParentObject: {fileID: 22417980, guid: 3c2b2ca1c031e4d4dae4e529aea0cd6a,
    type: 2}
  m_PrefabInternal: {fileID: 1732031337}
  m_GameObject: {fileID: 1313955796}
  m_LocalRotation: {x: 0, y: 0, z: 0, w: 1}
  m_LocalPosition: {x: 0, y: 0, z: 0}
  m_LocalScale: {x: 1, y: 1, z: 1}
  m_LocalEulerAnglesHint: {x: 0, y: 0, z: 0}
  m_Children: []
  m_Father: {fileID: 1120789398}
  m_RootOrder: 7
  m_AnchorMin: {x: 0.5, y: 0.5}
  m_AnchorMax: {x: 0.5, y: 0.5}
  m_AnchoredPosition: {x: 0, y: 14}
  m_SizeDelta: {x: 175, y: 60.15}
  m_Pivot: {x: 0.5, y: 0.5}
--- !u!114 &1313955798
MonoBehaviour:
  m_ObjectHideFlags: 0
  m_PrefabParentObject: {fileID: 11417970, guid: 3c2b2ca1c031e4d4dae4e529aea0cd6a,
    type: 2}
  m_PrefabInternal: {fileID: 1732031337}
  m_GameObject: {fileID: 1313955796}
  m_Enabled: 1
  m_EditorHideFlags: 0
  m_Script: {fileID: 708705254, guid: f5f67c52d1564df4a8936ccd202a3bd8, type: 3}
  m_Name: 
  m_EditorClassIdentifier: 
  m_Material: {fileID: 0}
  m_Color: {r: 1, g: 1, b: 1, a: 1}
  m_RaycastTarget: 1
  m_OnCullStateChanged:
    m_PersistentCalls:
      m_Calls: []
    m_TypeName: UnityEngine.UI.MaskableGraphic+CullStateChangedEvent, UnityEngine.UI,
      Version=1.0.0.0, Culture=neutral, PublicKeyToken=null
  m_FontData:
    m_Font: {fileID: 12800000, guid: 218956a5c2a6e42d6a60afccf80b002b, type: 3}
    m_FontSize: 15
    m_FontStyle: 0
    m_BestFit: 0
    m_MinSize: 10
    m_MaxSize: 40
    m_Alignment: 4
    m_AlignByGeometry: 0
    m_RichText: 1
    m_HorizontalOverflow: 0
    m_VerticalOverflow: 0
    m_LineSpacing: 1
  m_Text: GINGER RUNNER
--- !u!222 &1313955799
CanvasRenderer:
  m_ObjectHideFlags: 0
  m_PrefabParentObject: {fileID: 22217984, guid: 3c2b2ca1c031e4d4dae4e529aea0cd6a,
    type: 2}
  m_PrefabInternal: {fileID: 1732031337}
  m_GameObject: {fileID: 1313955796}
--- !u!1 &1371868155
GameObject:
  m_ObjectHideFlags: 0
  m_PrefabParentObject: {fileID: 117982, guid: 3c2b2ca1c031e4d4dae4e529aea0cd6a, type: 2}
  m_PrefabInternal: {fileID: 1732031337}
  serializedVersion: 4
  m_Component:
  - 224: {fileID: 1371868156}
  - 222: {fileID: 1371868158}
  - 114: {fileID: 1371868157}
  m_Layer: 5
  m_Name: Image
  m_TagString: Untagged
  m_Icon: {fileID: 0}
  m_NavMeshLayer: 0
  m_StaticEditorFlags: 0
  m_IsActive: 1
--- !u!224 &1371868156
RectTransform:
  m_ObjectHideFlags: 0
  m_PrefabParentObject: {fileID: 22417982, guid: 3c2b2ca1c031e4d4dae4e529aea0cd6a,
    type: 2}
  m_PrefabInternal: {fileID: 1732031337}
  m_GameObject: {fileID: 1371868155}
  m_LocalRotation: {x: 0, y: 0, z: 0, w: 1}
  m_LocalPosition: {x: 0, y: 0, z: 0}
  m_LocalScale: {x: 1, y: 1, z: 1}
  m_LocalEulerAnglesHint: {x: 0, y: 0, z: 0}
  m_Children: []
  m_Father: {fileID: 1374961613}
  m_RootOrder: 1
  m_AnchorMin: {x: 0.5, y: 0.5}
  m_AnchorMax: {x: 0.5, y: 0.5}
  m_AnchoredPosition: {x: 0, y: 0}
  m_SizeDelta: {x: 342.5, y: 342.5}
  m_Pivot: {x: 0.5, y: 0.5}
--- !u!114 &1371868157
MonoBehaviour:
  m_ObjectHideFlags: 0
  m_PrefabParentObject: {fileID: 11417972, guid: 3c2b2ca1c031e4d4dae4e529aea0cd6a,
    type: 2}
  m_PrefabInternal: {fileID: 1732031337}
  m_GameObject: {fileID: 1371868155}
  m_Enabled: 1
  m_EditorHideFlags: 0
  m_Script: {fileID: -765806418, guid: f5f67c52d1564df4a8936ccd202a3bd8, type: 3}
  m_Name: 
  m_EditorClassIdentifier: 
  m_Material: {fileID: 0}
  m_Color: {r: 1, g: 1, b: 1, a: 0.101960786}
  m_RaycastTarget: 1
  m_OnCullStateChanged:
    m_PersistentCalls:
      m_Calls: []
    m_TypeName: UnityEngine.UI.MaskableGraphic+CullStateChangedEvent, UnityEngine.UI,
      Version=1.0.0.0, Culture=neutral, PublicKeyToken=null
  m_Sprite: {fileID: 21300000, guid: c4f365291f5513c4f90ea007ba10a8bd, type: 3}
  m_Type: 1
  m_PreserveAspect: 0
  m_FillCenter: 1
  m_FillMethod: 4
  m_FillAmount: 1
  m_FillClockwise: 1
  m_FillOrigin: 0
--- !u!222 &1371868158
CanvasRenderer:
  m_ObjectHideFlags: 0
  m_PrefabParentObject: {fileID: 22217986, guid: 3c2b2ca1c031e4d4dae4e529aea0cd6a,
    type: 2}
  m_PrefabInternal: {fileID: 1732031337}
  m_GameObject: {fileID: 1371868155}
--- !u!1 &1374961612
GameObject:
  m_ObjectHideFlags: 0
  m_PrefabParentObject: {fileID: 117962, guid: 3c2b2ca1c031e4d4dae4e529aea0cd6a, type: 2}
  m_PrefabInternal: {fileID: 1732031337}
  serializedVersion: 4
  m_Component:
  - 224: {fileID: 1374961613}
  - 222: {fileID: 1374961616}
  - 114: {fileID: 1374961615}
  - 114: {fileID: 1374961614}
  m_Layer: 5
  m_Name: ImageCover
  m_TagString: Untagged
  m_Icon: {fileID: 0}
  m_NavMeshLayer: 0
  m_StaticEditorFlags: 0
  m_IsActive: 1
--- !u!224 &1374961613
RectTransform:
  m_ObjectHideFlags: 0
  m_PrefabParentObject: {fileID: 22417962, guid: 3c2b2ca1c031e4d4dae4e529aea0cd6a,
    type: 2}
  m_PrefabInternal: {fileID: 1732031337}
  m_GameObject: {fileID: 1374961612}
  m_LocalRotation: {x: 0, y: 0, z: 0, w: 1}
  m_LocalPosition: {x: 0, y: 0, z: 0}
  m_LocalScale: {x: 0.9, y: 0.9, z: 1}
  m_LocalEulerAnglesHint: {x: 0, y: 0, z: 0}
  m_Children:
  - {fileID: 442532278}
  - {fileID: 1371868156}
  m_Father: {fileID: 1120789398}
  m_RootOrder: 14
  m_AnchorMin: {x: 0.5, y: 0.5}
  m_AnchorMax: {x: 0.5, y: 0.5}
  m_AnchoredPosition: {x: 0, y: 227}
  m_SizeDelta: {x: 342, y: 343}
  m_Pivot: {x: 0.5, y: 0.5}
--- !u!114 &1374961614
MonoBehaviour:
  m_ObjectHideFlags: 0
  m_PrefabParentObject: {fileID: 11417952, guid: 3c2b2ca1c031e4d4dae4e529aea0cd6a,
    type: 2}
  m_PrefabInternal: {fileID: 1732031337}
  m_GameObject: {fileID: 1374961612}
  m_Enabled: 1
  m_EditorHideFlags: 0
  m_Script: {fileID: -1200242548, guid: f5f67c52d1564df4a8936ccd202a3bd8, type: 3}
  m_Name: 
  m_EditorClassIdentifier: 
  m_ShowMaskGraphic: 1
--- !u!114 &1374961615
MonoBehaviour:
  m_ObjectHideFlags: 0
  m_PrefabParentObject: {fileID: 11417950, guid: 3c2b2ca1c031e4d4dae4e529aea0cd6a,
    type: 2}
  m_PrefabInternal: {fileID: 1732031337}
  m_GameObject: {fileID: 1374961612}
  m_Enabled: 1
  m_EditorHideFlags: 0
  m_Script: {fileID: -765806418, guid: f5f67c52d1564df4a8936ccd202a3bd8, type: 3}
  m_Name: 
  m_EditorClassIdentifier: 
  m_Material: {fileID: 0}
  m_Color: {r: 0, g: 0, b: 0, a: 1}
  m_RaycastTarget: 1
  m_OnCullStateChanged:
    m_PersistentCalls:
      m_Calls: []
    m_TypeName: UnityEngine.UI.MaskableGraphic+CullStateChangedEvent, UnityEngine.UI,
      Version=1.0.0.0, Culture=neutral, PublicKeyToken=null
  m_Sprite: {fileID: 21300000, guid: 7ed1238760b863f4aafde32ab3a6f28c, type: 3}
  m_Type: 1
  m_PreserveAspect: 0
  m_FillCenter: 1
  m_FillMethod: 4
  m_FillAmount: 1
  m_FillClockwise: 1
  m_FillOrigin: 0
--- !u!222 &1374961616
CanvasRenderer:
  m_ObjectHideFlags: 0
  m_PrefabParentObject: {fileID: 22217972, guid: 3c2b2ca1c031e4d4dae4e529aea0cd6a,
    type: 2}
  m_PrefabInternal: {fileID: 1732031337}
  m_GameObject: {fileID: 1374961612}
--- !u!1 &1385598782
GameObject:
  m_ObjectHideFlags: 0
  m_PrefabParentObject: {fileID: 117954, guid: 3c2b2ca1c031e4d4dae4e529aea0cd6a, type: 2}
  m_PrefabInternal: {fileID: 1732031337}
  serializedVersion: 4
  m_Component:
  - 224: {fileID: 1385598783}
  - 222: {fileID: 1385598785}
  - 114: {fileID: 1385598784}
  m_Layer: 5
  m_Name: Fill
  m_TagString: Untagged
  m_Icon: {fileID: 0}
  m_NavMeshLayer: 0
  m_StaticEditorFlags: 0
  m_IsActive: 1
--- !u!224 &1385598783
RectTransform:
  m_ObjectHideFlags: 0
  m_PrefabParentObject: {fileID: 22417954, guid: 3c2b2ca1c031e4d4dae4e529aea0cd6a,
    type: 2}
  m_PrefabInternal: {fileID: 1732031337}
  m_GameObject: {fileID: 1385598782}
  m_LocalRotation: {x: 0, y: 0, z: 0, w: 1}
  m_LocalPosition: {x: 0, y: 0, z: 0}
  m_LocalScale: {x: 1, y: 1, z: 1}
  m_LocalEulerAnglesHint: {x: 0, y: 0, z: 0}
  m_Children: []
  m_Father: {fileID: 1712530307}
  m_RootOrder: 0
  m_AnchorMin: {x: 0, y: 0}
  m_AnchorMax: {x: 0, y: 0}
  m_AnchoredPosition: {x: 2.5000014, y: 0}
  m_SizeDelta: {x: 5, y: -6}
  m_Pivot: {x: 0.5, y: 0.5}
--- !u!114 &1385598784
MonoBehaviour:
  m_ObjectHideFlags: 0
  m_PrefabParentObject: {fileID: 11417940, guid: 3c2b2ca1c031e4d4dae4e529aea0cd6a,
    type: 2}
  m_PrefabInternal: {fileID: 1732031337}
  m_GameObject: {fileID: 1385598782}
  m_Enabled: 1
  m_EditorHideFlags: 0
  m_Script: {fileID: -765806418, guid: f5f67c52d1564df4a8936ccd202a3bd8, type: 3}
  m_Name: 
  m_EditorClassIdentifier: 
  m_Material: {fileID: 0}
  m_Color: {r: 1, g: 1, b: 1, a: 1}
  m_RaycastTarget: 1
  m_OnCullStateChanged:
    m_PersistentCalls:
      m_Calls: []
    m_TypeName: UnityEngine.UI.MaskableGraphic+CullStateChangedEvent, UnityEngine.UI,
      Version=1.0.0.0, Culture=neutral, PublicKeyToken=null
  m_Sprite: {fileID: 21300000, guid: 7ed1238760b863f4aafde32ab3a6f28c, type: 3}
  m_Type: 1
  m_PreserveAspect: 0
  m_FillCenter: 1
  m_FillMethod: 4
  m_FillAmount: 1
  m_FillClockwise: 1
  m_FillOrigin: 0
--- !u!222 &1385598785
CanvasRenderer:
  m_ObjectHideFlags: 0
  m_PrefabParentObject: {fileID: 22217966, guid: 3c2b2ca1c031e4d4dae4e529aea0cd6a,
    type: 2}
  m_PrefabInternal: {fileID: 1732031337}
  m_GameObject: {fileID: 1385598782}
--- !u!1 &1418181992
GameObject:
  m_ObjectHideFlags: 0
  m_PrefabParentObject: {fileID: 117984, guid: 3c2b2ca1c031e4d4dae4e529aea0cd6a, type: 2}
  m_PrefabInternal: {fileID: 1732031337}
  serializedVersion: 4
  m_Component:
  - 224: {fileID: 1418181993}
  - 222: {fileID: 1418181995}
  - 114: {fileID: 1418181994}
  m_Layer: 5
  m_Name: Handle
  m_TagString: Untagged
  m_Icon: {fileID: 0}
  m_NavMeshLayer: 0
  m_StaticEditorFlags: 0
  m_IsActive: 1
--- !u!224 &1418181993
RectTransform:
  m_ObjectHideFlags: 0
  m_PrefabParentObject: {fileID: 22417984, guid: 3c2b2ca1c031e4d4dae4e529aea0cd6a,
    type: 2}
  m_PrefabInternal: {fileID: 1732031337}
  m_GameObject: {fileID: 1418181992}
  m_LocalRotation: {x: 0, y: 0, z: 0, w: 1}
  m_LocalPosition: {x: 0, y: 0, z: 0}
  m_LocalScale: {x: 1, y: 1, z: 1}
  m_LocalEulerAnglesHint: {x: 0, y: 0, z: 0}
  m_Children: []
  m_Father: {fileID: 769982161}
  m_RootOrder: 0
  m_AnchorMin: {x: 0, y: 0}
  m_AnchorMax: {x: 0, y: 0}
  m_AnchoredPosition: {x: 0.000010371208, y: 0.039989013}
  m_SizeDelta: {x: 19.96, y: -0.04}
  m_Pivot: {x: 0.5, y: 0}
--- !u!114 &1418181994
MonoBehaviour:
  m_ObjectHideFlags: 0
  m_PrefabParentObject: {fileID: 11417974, guid: 3c2b2ca1c031e4d4dae4e529aea0cd6a,
    type: 2}
  m_PrefabInternal: {fileID: 1732031337}
  m_GameObject: {fileID: 1418181992}
  m_Enabled: 1
  m_EditorHideFlags: 0
  m_Script: {fileID: -765806418, guid: f5f67c52d1564df4a8936ccd202a3bd8, type: 3}
  m_Name: 
  m_EditorClassIdentifier: 
  m_Material: {fileID: 0}
  m_Color: {r: 1, g: 1, b: 1, a: 1}
  m_RaycastTarget: 1
  m_OnCullStateChanged:
    m_PersistentCalls:
      m_Calls: []
    m_TypeName: UnityEngine.UI.MaskableGraphic+CullStateChangedEvent, UnityEngine.UI,
      Version=1.0.0.0, Culture=neutral, PublicKeyToken=null
  m_Sprite: {fileID: 21300000, guid: f04f7faa5cfd8444a9b61e426135725f, type: 3}
  m_Type: 0
  m_PreserveAspect: 0
  m_FillCenter: 1
  m_FillMethod: 4
  m_FillAmount: 1
  m_FillClockwise: 1
  m_FillOrigin: 0
--- !u!222 &1418181995
CanvasRenderer:
  m_ObjectHideFlags: 0
  m_PrefabParentObject: {fileID: 22217988, guid: 3c2b2ca1c031e4d4dae4e529aea0cd6a,
    type: 2}
  m_PrefabInternal: {fileID: 1732031337}
  m_GameObject: {fileID: 1418181992}
--- !u!1 &1465773666
GameObject:
  m_ObjectHideFlags: 0
  m_PrefabParentObject: {fileID: 118006, guid: 3c2b2ca1c031e4d4dae4e529aea0cd6a, type: 2}
  m_PrefabInternal: {fileID: 1732031337}
  serializedVersion: 4
  m_Component:
  - 224: {fileID: 1465773667}
  - 222: {fileID: 1465773670}
  - 114: {fileID: 1465773669}
  - 114: {fileID: 1465773668}
  m_Layer: 5
  m_Name: Button
  m_TagString: Untagged
  m_Icon: {fileID: 0}
  m_NavMeshLayer: 0
  m_StaticEditorFlags: 0
  m_IsActive: 1
--- !u!224 &1465773667
RectTransform:
  m_ObjectHideFlags: 0
  m_PrefabParentObject: {fileID: 22418006, guid: 3c2b2ca1c031e4d4dae4e529aea0cd6a,
    type: 2}
  m_PrefabInternal: {fileID: 1732031337}
  m_GameObject: {fileID: 1465773666}
  m_LocalRotation: {x: 0, y: 0, z: 0, w: 1}
  m_LocalPosition: {x: 0, y: 0, z: 0}
  m_LocalScale: {x: 1, y: 1, z: 1}
  m_LocalEulerAnglesHint: {x: 0, y: 0, z: 0}
  m_Children: []
  m_Father: {fileID: 1817059111}
  m_RootOrder: 0
  m_AnchorMin: {x: 0.5, y: 0.5}
  m_AnchorMax: {x: 0.5, y: 0.5}
  m_AnchoredPosition: {x: 3.9999456, y: 0.000030517578}
  m_SizeDelta: {x: 31.3, y: 37.304}
  m_Pivot: {x: 0.5, y: 0.5}
--- !u!114 &1465773668
MonoBehaviour:
  m_ObjectHideFlags: 0
  m_PrefabParentObject: {fileID: 11418004, guid: 3c2b2ca1c031e4d4dae4e529aea0cd6a,
    type: 2}
  m_PrefabInternal: {fileID: 1732031337}
  m_GameObject: {fileID: 1465773666}
  m_Enabled: 1
  m_EditorHideFlags: 0
  m_Script: {fileID: 1392445389, guid: f5f67c52d1564df4a8936ccd202a3bd8, type: 3}
  m_Name: 
  m_EditorClassIdentifier: 
  m_Navigation:
    m_Mode: 3
    m_SelectOnUp: {fileID: 0}
    m_SelectOnDown: {fileID: 0}
    m_SelectOnLeft: {fileID: 0}
    m_SelectOnRight: {fileID: 0}
  m_Transition: 1
  m_Colors:
    m_NormalColor: {r: 1, g: 1, b: 1, a: 1}
    m_HighlightedColor: {r: 0.9607843, g: 0.9607843, b: 0.9607843, a: 1}
    m_PressedColor: {r: 0.78431374, g: 0.78431374, b: 0.78431374, a: 1}
    m_DisabledColor: {r: 0.78431374, g: 0.78431374, b: 0.78431374, a: 0.5019608}
    m_ColorMultiplier: 1
    m_FadeDuration: 0.1
  m_SpriteState:
    m_HighlightedSprite: {fileID: 0}
    m_PressedSprite: {fileID: 0}
    m_DisabledSprite: {fileID: 0}
  m_AnimationTriggers:
    m_NormalTrigger: Normal
    m_HighlightedTrigger: Highlighted
    m_PressedTrigger: Pressed
    m_DisabledTrigger: Disabled
  m_Interactable: 1
  m_TargetGraphic: {fileID: 1465773669}
  m_OnClick:
    m_PersistentCalls:
      m_Calls: []
    m_TypeName: UnityEngine.UI.Button+ButtonClickedEvent, UnityEngine.UI, Version=1.0.0.0,
      Culture=neutral, PublicKeyToken=null
--- !u!114 &1465773669
MonoBehaviour:
  m_ObjectHideFlags: 0
  m_PrefabParentObject: {fileID: 11418002, guid: 3c2b2ca1c031e4d4dae4e529aea0cd6a,
    type: 2}
  m_PrefabInternal: {fileID: 1732031337}
  m_GameObject: {fileID: 1465773666}
  m_Enabled: 1
  m_EditorHideFlags: 0
  m_Script: {fileID: -765806418, guid: f5f67c52d1564df4a8936ccd202a3bd8, type: 3}
  m_Name: 
  m_EditorClassIdentifier: 
  m_Material: {fileID: 0}
  m_Color: {r: 1, g: 1, b: 1, a: 1}
  m_RaycastTarget: 1
  m_OnCullStateChanged:
    m_PersistentCalls:
      m_Calls: []
    m_TypeName: UnityEngine.UI.MaskableGraphic+CullStateChangedEvent, UnityEngine.UI,
      Version=1.0.0.0, Culture=neutral, PublicKeyToken=null
  m_Sprite: {fileID: 21300000, guid: 7ec47acafbe0c4b79aff5aa9019068ba, type: 3}
  m_Type: 0
  m_PreserveAspect: 0
  m_FillCenter: 1
  m_FillMethod: 4
  m_FillAmount: 1
  m_FillClockwise: 1
  m_FillOrigin: 0
--- !u!222 &1465773670
CanvasRenderer:
  m_ObjectHideFlags: 0
  m_PrefabParentObject: {fileID: 22218006, guid: 3c2b2ca1c031e4d4dae4e529aea0cd6a,
    type: 2}
  m_PrefabInternal: {fileID: 1732031337}
  m_GameObject: {fileID: 1465773666}
--- !u!1 &1500371475
GameObject:
  m_ObjectHideFlags: 0
  m_PrefabParentObject: {fileID: 0}
  m_PrefabInternal: {fileID: 0}
  serializedVersion: 4
  m_Component:
  - 4: {fileID: 1500371479}
  - 114: {fileID: 1500371478}
  - 114: {fileID: 1500371477}
  - 114: {fileID: 1500371476}
  m_Layer: 0
  m_Name: EventSystem
  m_TagString: Untagged
  m_Icon: {fileID: 0}
  m_NavMeshLayer: 0
  m_StaticEditorFlags: 0
  m_IsActive: 1
--- !u!114 &1500371476
MonoBehaviour:
  m_ObjectHideFlags: 0
  m_PrefabParentObject: {fileID: 0}
  m_PrefabInternal: {fileID: 0}
  m_GameObject: {fileID: 1500371475}
  m_Enabled: 1
  m_EditorHideFlags: 0
  m_Script: {fileID: 1997211142, guid: f5f67c52d1564df4a8936ccd202a3bd8, type: 3}
  m_Name: 
  m_EditorClassIdentifier: 
  m_ForceModuleActive: 0
--- !u!114 &1500371477
MonoBehaviour:
  m_ObjectHideFlags: 0
  m_PrefabParentObject: {fileID: 0}
  m_PrefabInternal: {fileID: 0}
  m_GameObject: {fileID: 1500371475}
  m_Enabled: 1
  m_EditorHideFlags: 0
  m_Script: {fileID: 1077351063, guid: f5f67c52d1564df4a8936ccd202a3bd8, type: 3}
  m_Name: 
  m_EditorClassIdentifier: 
  m_HorizontalAxis: Horizontal
  m_VerticalAxis: Vertical
  m_SubmitButton: Submit
  m_CancelButton: Cancel
  m_InputActionsPerSecond: 10
  m_RepeatDelay: 0.5
  m_ForceModuleActive: 0
--- !u!114 &1500371478
MonoBehaviour:
  m_ObjectHideFlags: 0
  m_PrefabParentObject: {fileID: 0}
  m_PrefabInternal: {fileID: 0}
  m_GameObject: {fileID: 1500371475}
  m_Enabled: 1
  m_EditorHideFlags: 0
  m_Script: {fileID: -619905303, guid: f5f67c52d1564df4a8936ccd202a3bd8, type: 3}
  m_Name: 
  m_EditorClassIdentifier: 
  m_FirstSelected: {fileID: 0}
  m_sendNavigationEvents: 1
  m_DragThreshold: 5
--- !u!4 &1500371479
Transform:
  m_ObjectHideFlags: 0
  m_PrefabParentObject: {fileID: 0}
  m_PrefabInternal: {fileID: 0}
  m_GameObject: {fileID: 1500371475}
  m_LocalRotation: {x: 0, y: 0, z: 0, w: 1}
  m_LocalPosition: {x: 0, y: 0, z: 0}
  m_LocalScale: {x: 1, y: 1, z: 1}
  m_LocalEulerAnglesHint: {x: 0, y: 0, z: 0}
  m_Children: []
  m_Father: {fileID: 0}
  m_RootOrder: 1
--- !u!1 &1511305452
GameObject:
  m_ObjectHideFlags: 0
  m_PrefabParentObject: {fileID: 0}
  m_PrefabInternal: {fileID: 0}
  serializedVersion: 4
  m_Component:
  - 4: {fileID: 1511305453}
  m_Layer: 0
  m_Name: __SET_YOUR_GAMESCREEN_TO_640x1336
  m_TagString: Untagged
  m_Icon: {fileID: 0}
  m_NavMeshLayer: 0
  m_StaticEditorFlags: 0
  m_IsActive: 1
--- !u!4 &1511305453
Transform:
  m_ObjectHideFlags: 0
  m_PrefabParentObject: {fileID: 0}
  m_PrefabInternal: {fileID: 0}
  m_GameObject: {fileID: 1511305452}
  m_LocalRotation: {x: 0, y: 0, z: 0, w: 1}
  m_LocalPosition: {x: 494.995, y: 627.74, z: 0}
  m_LocalScale: {x: 1, y: 1, z: 1}
  m_LocalEulerAnglesHint: {x: 0, y: 0, z: 0}
  m_Children: []
  m_Father: {fileID: 0}
  m_RootOrder: 2
--- !u!1 &1616638940
GameObject:
  m_ObjectHideFlags: 0
  m_PrefabParentObject: {fileID: 117972, guid: 3c2b2ca1c031e4d4dae4e529aea0cd6a, type: 2}
  m_PrefabInternal: {fileID: 1732031337}
  serializedVersion: 4
  m_Component:
  - 224: {fileID: 1616638941}
  - 114: {fileID: 1616638942}
  m_Layer: 5
  m_Name: Timer
  m_TagString: Untagged
  m_Icon: {fileID: 0}
  m_NavMeshLayer: 0
  m_StaticEditorFlags: 0
  m_IsActive: 1
--- !u!224 &1616638941
RectTransform:
  m_ObjectHideFlags: 0
  m_PrefabParentObject: {fileID: 22417972, guid: 3c2b2ca1c031e4d4dae4e529aea0cd6a,
    type: 2}
  m_PrefabInternal: {fileID: 1732031337}
  m_GameObject: {fileID: 1616638940}
  m_LocalRotation: {x: 0, y: 0, z: 0, w: 1}
  m_LocalPosition: {x: 0, y: 0, z: 0}
  m_LocalScale: {x: 1, y: 1, z: 1}
  m_LocalEulerAnglesHint: {x: 0, y: 0, z: 0}
  m_Children:
  - {fileID: 2075125699}
  - {fileID: 1712530307}
  - {fileID: 1729072160}
  - {fileID: 1187925994}
  - {fileID: 217525108}
  m_Father: {fileID: 1120789398}
  m_RootOrder: 3
  m_AnchorMin: {x: 0.5, y: 0.5}
  m_AnchorMax: {x: 0.5, y: 0.5}
  m_AnchoredPosition: {x: 5.999994, y: -167.9}
  m_SizeDelta: {x: 414.5, y: 20}
  m_Pivot: {x: 0.5, y: 0.5}
--- !u!114 &1616638942
MonoBehaviour:
  m_ObjectHideFlags: 0
  m_PrefabParentObject: {fileID: 11417962, guid: 3c2b2ca1c031e4d4dae4e529aea0cd6a,
    type: 2}
  m_PrefabInternal: {fileID: 1732031337}
  m_GameObject: {fileID: 1616638940}
  m_Enabled: 1
  m_EditorHideFlags: 0
  m_Script: {fileID: -113659843, guid: f5f67c52d1564df4a8936ccd202a3bd8, type: 3}
  m_Name: 
  m_EditorClassIdentifier: 
  m_Navigation:
    m_Mode: 3
    m_SelectOnUp: {fileID: 0}
    m_SelectOnDown: {fileID: 0}
    m_SelectOnLeft: {fileID: 0}
    m_SelectOnRight: {fileID: 0}
  m_Transition: 1
  m_Colors:
    m_NormalColor: {r: 1, g: 1, b: 1, a: 1}
    m_HighlightedColor: {r: 0.9607843, g: 0.9607843, b: 0.9607843, a: 1}
    m_PressedColor: {r: 0.78431374, g: 0.78431374, b: 0.78431374, a: 1}
    m_DisabledColor: {r: 0.78431374, g: 0.78431374, b: 0.78431374, a: 0.5019608}
    m_ColorMultiplier: 1.49
    m_FadeDuration: 0.1
  m_SpriteState:
    m_HighlightedSprite: {fileID: 0}
    m_PressedSprite: {fileID: 0}
    m_DisabledSprite: {fileID: 0}
  m_AnimationTriggers:
    m_NormalTrigger: Normal
    m_HighlightedTrigger: Highlighted
    m_PressedTrigger: Pressed
    m_DisabledTrigger: Disabled
  m_Interactable: 1
  m_TargetGraphic: {fileID: 1277829501}
  m_FillRect: {fileID: 1385598783}
  m_HandleRect: {fileID: 1277829500}
  m_Direction: 0
  m_MinValue: 0
  m_MaxValue: 1
  m_WholeNumbers: 0
  m_Value: 0.382
  m_OnValueChanged:
    m_PersistentCalls:
      m_Calls: []
    m_TypeName: UnityEngine.UI.Slider+SliderEvent, UnityEngine.UI, Version=1.0.0.0,
      Culture=neutral, PublicKeyToken=null
--- !u!1 &1712530306
GameObject:
  m_ObjectHideFlags: 0
  m_PrefabParentObject: {fileID: 117966, guid: 3c2b2ca1c031e4d4dae4e529aea0cd6a, type: 2}
  m_PrefabInternal: {fileID: 1732031337}
  serializedVersion: 4
  m_Component:
  - 224: {fileID: 1712530307}
  m_Layer: 5
  m_Name: Fill Area
  m_TagString: Untagged
  m_Icon: {fileID: 0}
  m_NavMeshLayer: 0
  m_StaticEditorFlags: 0
  m_IsActive: 1
--- !u!224 &1712530307
RectTransform:
  m_ObjectHideFlags: 0
  m_PrefabParentObject: {fileID: 22417966, guid: 3c2b2ca1c031e4d4dae4e529aea0cd6a,
    type: 2}
  m_PrefabInternal: {fileID: 1732031337}
  m_GameObject: {fileID: 1712530306}
  m_LocalRotation: {x: 0, y: 0, z: 0, w: 1}
  m_LocalPosition: {x: 0, y: 0, z: 0}
  m_LocalScale: {x: 1, y: 1, z: 1}
  m_LocalEulerAnglesHint: {x: 0, y: 0, z: 0}
  m_Children:
  - {fileID: 1385598783}
  m_Father: {fileID: 1616638941}
  m_RootOrder: 1
  m_AnchorMin: {x: 0, y: 0.25}
  m_AnchorMax: {x: 1, y: 0.75}
  m_AnchoredPosition: {x: -7.499997, y: 0}
  m_SizeDelta: {x: -15, y: 0}
  m_Pivot: {x: 0.5, y: 0.5}
--- !u!1 &1729072159
GameObject:
  m_ObjectHideFlags: 0
  m_PrefabParentObject: {fileID: 117996, guid: 3c2b2ca1c031e4d4dae4e529aea0cd6a, type: 2}
  m_PrefabInternal: {fileID: 1732031337}
  serializedVersion: 4
  m_Component:
  - 224: {fileID: 1729072160}
  m_Layer: 5
  m_Name: Handle Slide Area
  m_TagString: Untagged
  m_Icon: {fileID: 0}
  m_NavMeshLayer: 0
  m_StaticEditorFlags: 0
  m_IsActive: 1
--- !u!224 &1729072160
RectTransform:
  m_ObjectHideFlags: 0
  m_PrefabParentObject: {fileID: 22417996, guid: 3c2b2ca1c031e4d4dae4e529aea0cd6a,
    type: 2}
  m_PrefabInternal: {fileID: 1732031337}
  m_GameObject: {fileID: 1729072159}
  m_LocalRotation: {x: 0, y: 0, z: 0, w: 1}
  m_LocalPosition: {x: 0, y: 0, z: 0}
  m_LocalScale: {x: 1, y: 1, z: 1}
  m_LocalEulerAnglesHint: {x: 0, y: 0, z: 0}
  m_Children:
  - {fileID: 1277829500}
  m_Father: {fileID: 1616638941}
  m_RootOrder: 2
  m_AnchorMin: {x: 0, y: 0}
  m_AnchorMax: {x: 1, y: 1}
  m_AnchoredPosition: {x: -3.8000488, y: 0}
  m_SizeDelta: {x: -12.5, y: 0}
  m_Pivot: {x: 0.5, y: 0.5}
--- !u!1001 &1732031337
Prefab:
  m_ObjectHideFlags: 0
  serializedVersion: 2
  m_Modification:
    m_TransformParent: {fileID: 0}
    m_Modifications:
    - target: {fileID: 22417986, guid: 3c2b2ca1c031e4d4dae4e529aea0cd6a, type: 2}
      propertyPath: m_LocalPosition.x
      value: 0
      objectReference: {fileID: 0}
    - target: {fileID: 22417986, guid: 3c2b2ca1c031e4d4dae4e529aea0cd6a, type: 2}
      propertyPath: m_LocalPosition.y
      value: 0
      objectReference: {fileID: 0}
    - target: {fileID: 22417986, guid: 3c2b2ca1c031e4d4dae4e529aea0cd6a, type: 2}
      propertyPath: m_LocalPosition.z
      value: 0
      objectReference: {fileID: 0}
    - target: {fileID: 22417986, guid: 3c2b2ca1c031e4d4dae4e529aea0cd6a, type: 2}
      propertyPath: m_LocalRotation.x
      value: 0
      objectReference: {fileID: 0}
    - target: {fileID: 22417986, guid: 3c2b2ca1c031e4d4dae4e529aea0cd6a, type: 2}
      propertyPath: m_LocalRotation.y
      value: 0
      objectReference: {fileID: 0}
    - target: {fileID: 22417986, guid: 3c2b2ca1c031e4d4dae4e529aea0cd6a, type: 2}
      propertyPath: m_LocalRotation.z
      value: 0
      objectReference: {fileID: 0}
    - target: {fileID: 22417986, guid: 3c2b2ca1c031e4d4dae4e529aea0cd6a, type: 2}
      propertyPath: m_LocalRotation.w
      value: 1
      objectReference: {fileID: 0}
    - target: {fileID: 22417986, guid: 3c2b2ca1c031e4d4dae4e529aea0cd6a, type: 2}
      propertyPath: m_RootOrder
      value: 0
      objectReference: {fileID: 0}
    - target: {fileID: 22417986, guid: 3c2b2ca1c031e4d4dae4e529aea0cd6a, type: 2}
      propertyPath: m_AnchoredPosition.x
      value: 0
      objectReference: {fileID: 0}
    - target: {fileID: 22417986, guid: 3c2b2ca1c031e4d4dae4e529aea0cd6a, type: 2}
      propertyPath: m_AnchoredPosition.y
      value: 0
      objectReference: {fileID: 0}
    - target: {fileID: 22417986, guid: 3c2b2ca1c031e4d4dae4e529aea0cd6a, type: 2}
      propertyPath: m_SizeDelta.x
      value: 0
      objectReference: {fileID: 0}
    - target: {fileID: 22417986, guid: 3c2b2ca1c031e4d4dae4e529aea0cd6a, type: 2}
      propertyPath: m_SizeDelta.y
      value: 0
      objectReference: {fileID: 0}
    - target: {fileID: 22417986, guid: 3c2b2ca1c031e4d4dae4e529aea0cd6a, type: 2}
      propertyPath: m_AnchorMin.x
      value: 0
      objectReference: {fileID: 0}
    - target: {fileID: 22417986, guid: 3c2b2ca1c031e4d4dae4e529aea0cd6a, type: 2}
      propertyPath: m_AnchorMin.y
      value: 0
      objectReference: {fileID: 0}
    - target: {fileID: 22417986, guid: 3c2b2ca1c031e4d4dae4e529aea0cd6a, type: 2}
      propertyPath: m_AnchorMax.x
      value: 0
      objectReference: {fileID: 0}
    - target: {fileID: 22417986, guid: 3c2b2ca1c031e4d4dae4e529aea0cd6a, type: 2}
      propertyPath: m_AnchorMax.y
      value: 0
      objectReference: {fileID: 0}
    - target: {fileID: 22417986, guid: 3c2b2ca1c031e4d4dae4e529aea0cd6a, type: 2}
      propertyPath: m_Pivot.x
      value: 0
      objectReference: {fileID: 0}
    - target: {fileID: 22417986, guid: 3c2b2ca1c031e4d4dae4e529aea0cd6a, type: 2}
      propertyPath: m_Pivot.y
      value: 0
      objectReference: {fileID: 0}
    - target: {fileID: 22418002, guid: 3c2b2ca1c031e4d4dae4e529aea0cd6a, type: 2}
      propertyPath: m_AnchorMax.x
      value: 0.382
      objectReference: {fileID: 0}
    - target: {fileID: 22418002, guid: 3c2b2ca1c031e4d4dae4e529aea0cd6a, type: 2}
      propertyPath: m_AnchorMax.y
      value: 1
      objectReference: {fileID: 0}
    - target: {fileID: 22417984, guid: 3c2b2ca1c031e4d4dae4e529aea0cd6a, type: 2}
      propertyPath: m_AnchorMin.x
      value: 0.382
      objectReference: {fileID: 0}
    - target: {fileID: 22417984, guid: 3c2b2ca1c031e4d4dae4e529aea0cd6a, type: 2}
      propertyPath: m_AnchorMax.x
      value: 0.382
      objectReference: {fileID: 0}
    - target: {fileID: 22417984, guid: 3c2b2ca1c031e4d4dae4e529aea0cd6a, type: 2}
      propertyPath: m_AnchorMax.y
      value: 1
      objectReference: {fileID: 0}
    - target: {fileID: 22417954, guid: 3c2b2ca1c031e4d4dae4e529aea0cd6a, type: 2}
      propertyPath: m_AnchorMax.x
      value: 0.382
      objectReference: {fileID: 0}
    - target: {fileID: 22417954, guid: 3c2b2ca1c031e4d4dae4e529aea0cd6a, type: 2}
      propertyPath: m_AnchorMax.y
      value: 1
      objectReference: {fileID: 0}
    - target: {fileID: 22418014, guid: 3c2b2ca1c031e4d4dae4e529aea0cd6a, type: 2}
      propertyPath: m_AnchorMin.x
      value: 0.382
      objectReference: {fileID: 0}
    - target: {fileID: 22418014, guid: 3c2b2ca1c031e4d4dae4e529aea0cd6a, type: 2}
      propertyPath: m_AnchorMax.x
      value: 0.382
      objectReference: {fileID: 0}
    - target: {fileID: 22418014, guid: 3c2b2ca1c031e4d4dae4e529aea0cd6a, type: 2}
      propertyPath: m_AnchorMax.y
      value: 1
      objectReference: {fileID: 0}
    m_RemovedComponents: []
  m_ParentPrefab: {fileID: 100100000, guid: 3c2b2ca1c031e4d4dae4e529aea0cd6a, type: 2}
  m_RootGameObject: {fileID: 975060488}
  m_IsPrefabParent: 0
--- !u!1 &1793855555
GameObject:
  m_ObjectHideFlags: 0
  m_PrefabParentObject: {fileID: 117968, guid: 3c2b2ca1c031e4d4dae4e529aea0cd6a, type: 2}
  m_PrefabInternal: {fileID: 1732031337}
  serializedVersion: 4
  m_Component:
  - 224: {fileID: 1793855556}
  - 222: {fileID: 1793855559}
  - 114: {fileID: 1793855558}
  - 114: {fileID: 1793855557}
  m_Layer: 5
  m_Name: Button
  m_TagString: Untagged
  m_Icon: {fileID: 0}
  m_NavMeshLayer: 0
  m_StaticEditorFlags: 0
  m_IsActive: 1
--- !u!224 &1793855556
RectTransform:
  m_ObjectHideFlags: 0
  m_PrefabParentObject: {fileID: 22417968, guid: 3c2b2ca1c031e4d4dae4e529aea0cd6a,
    type: 2}
  m_PrefabInternal: {fileID: 1732031337}
  m_GameObject: {fileID: 1793855555}
  m_LocalRotation: {x: 0, y: 0, z: 0, w: 1}
  m_LocalPosition: {x: 0, y: 0, z: 0}
  m_LocalScale: {x: 0.8, y: 0.8, z: 1}
  m_LocalEulerAnglesHint: {x: 0, y: 0, z: 0}
  m_Children: []
  m_Father: {fileID: 1120789398}
  m_RootOrder: 5
  m_AnchorMin: {x: 0.5, y: 0.5}
  m_AnchorMax: {x: 0.5, y: 0.5}
  m_AnchoredPosition: {x: 243, y: -33}
  m_SizeDelta: {x: 47, y: 40}
  m_Pivot: {x: 0.5, y: 0.5}
--- !u!114 &1793855557
MonoBehaviour:
  m_ObjectHideFlags: 0
  m_PrefabParentObject: {fileID: 11417958, guid: 3c2b2ca1c031e4d4dae4e529aea0cd6a,
    type: 2}
  m_PrefabInternal: {fileID: 1732031337}
  m_GameObject: {fileID: 1793855555}
  m_Enabled: 1
  m_EditorHideFlags: 0
  m_Script: {fileID: 1392445389, guid: f5f67c52d1564df4a8936ccd202a3bd8, type: 3}
  m_Name: 
  m_EditorClassIdentifier: 
  m_Navigation:
    m_Mode: 3
    m_SelectOnUp: {fileID: 0}
    m_SelectOnDown: {fileID: 0}
    m_SelectOnLeft: {fileID: 0}
    m_SelectOnRight: {fileID: 0}
  m_Transition: 1
  m_Colors:
    m_NormalColor: {r: 1, g: 1, b: 1, a: 1}
    m_HighlightedColor: {r: 0.9607843, g: 0.9607843, b: 0.9607843, a: 1}
    m_PressedColor: {r: 0.78431374, g: 0.78431374, b: 0.78431374, a: 1}
    m_DisabledColor: {r: 0.78431374, g: 0.78431374, b: 0.78431374, a: 0.5019608}
    m_ColorMultiplier: 1
    m_FadeDuration: 0.1
  m_SpriteState:
    m_HighlightedSprite: {fileID: 0}
    m_PressedSprite: {fileID: 0}
    m_DisabledSprite: {fileID: 0}
  m_AnimationTriggers:
    m_NormalTrigger: Normal
    m_HighlightedTrigger: Highlighted
    m_PressedTrigger: Pressed
    m_DisabledTrigger: Disabled
  m_Interactable: 1
  m_TargetGraphic: {fileID: 1793855558}
  m_OnClick:
    m_PersistentCalls:
      m_Calls: []
    m_TypeName: UnityEngine.UI.Button+ButtonClickedEvent, UnityEngine.UI, Version=1.0.0.0,
      Culture=neutral, PublicKeyToken=null
--- !u!114 &1793855558
MonoBehaviour:
  m_ObjectHideFlags: 0
  m_PrefabParentObject: {fileID: 11417956, guid: 3c2b2ca1c031e4d4dae4e529aea0cd6a,
    type: 2}
  m_PrefabInternal: {fileID: 1732031337}
  m_GameObject: {fileID: 1793855555}
  m_Enabled: 1
  m_EditorHideFlags: 0
  m_Script: {fileID: -765806418, guid: f5f67c52d1564df4a8936ccd202a3bd8, type: 3}
  m_Name: 
  m_EditorClassIdentifier: 
  m_Material: {fileID: 0}
  m_Color: {r: 1, g: 1, b: 1, a: 1}
  m_RaycastTarget: 1
  m_OnCullStateChanged:
    m_PersistentCalls:
      m_Calls: []
    m_TypeName: UnityEngine.UI.MaskableGraphic+CullStateChangedEvent, UnityEngine.UI,
      Version=1.0.0.0, Culture=neutral, PublicKeyToken=null
  m_Sprite: {fileID: 21300000, guid: 8fa6c013eb48a4ee1a581ae0c6921a3a, type: 3}
  m_Type: 0
  m_PreserveAspect: 0
  m_FillCenter: 1
  m_FillMethod: 4
  m_FillAmount: 1
  m_FillClockwise: 1
  m_FillOrigin: 0
--- !u!222 &1793855559
CanvasRenderer:
  m_ObjectHideFlags: 0
  m_PrefabParentObject: {fileID: 22217976, guid: 3c2b2ca1c031e4d4dae4e529aea0cd6a,
    type: 2}
  m_PrefabInternal: {fileID: 1732031337}
  m_GameObject: {fileID: 1793855555}
--- !u!1 &1805240814
GameObject:
  m_ObjectHideFlags: 0
  m_PrefabParentObject: {fileID: 118000, guid: 3c2b2ca1c031e4d4dae4e529aea0cd6a, type: 2}
  m_PrefabInternal: {fileID: 1732031337}
  serializedVersion: 4
  m_Component:
  - 224: {fileID: 1805240815}
  - 222: {fileID: 1805240818}
  - 114: {fileID: 1805240817}
  - 114: {fileID: 1805240816}
  m_Layer: 5
  m_Name: Button
  m_TagString: Untagged
  m_Icon: {fileID: 0}
  m_NavMeshLayer: 0
  m_StaticEditorFlags: 0
  m_IsActive: 1
--- !u!224 &1805240815
RectTransform:
  m_ObjectHideFlags: 0
  m_PrefabParentObject: {fileID: 22418000, guid: 3c2b2ca1c031e4d4dae4e529aea0cd6a,
    type: 2}
  m_PrefabInternal: {fileID: 1732031337}
  m_GameObject: {fileID: 1805240814}
  m_LocalRotation: {x: 0, y: 0, z: 1, w: -0.00000004371139}
  m_LocalPosition: {x: 0, y: 0, z: 0}
  m_LocalScale: {x: 0.6, y: 0.6, z: 1}
  m_LocalEulerAnglesHint: {x: 0, y: 0, z: 0}
  m_Children: []
  m_Father: {fileID: 1120789398}
  m_RootOrder: 11
  m_AnchorMin: {x: 0.5, y: 0.5}
  m_AnchorMax: {x: 0.5, y: 0.5}
  m_AnchoredPosition: {x: -170, y: -335}
  m_SizeDelta: {x: 49, y: 30}
  m_Pivot: {x: 0.5, y: 0.5}
--- !u!114 &1805240816
MonoBehaviour:
  m_ObjectHideFlags: 0
  m_PrefabParentObject: {fileID: 11417996, guid: 3c2b2ca1c031e4d4dae4e529aea0cd6a,
    type: 2}
  m_PrefabInternal: {fileID: 1732031337}
  m_GameObject: {fileID: 1805240814}
  m_Enabled: 1
  m_EditorHideFlags: 0
  m_Script: {fileID: 1392445389, guid: f5f67c52d1564df4a8936ccd202a3bd8, type: 3}
  m_Name: 
  m_EditorClassIdentifier: 
  m_Navigation:
    m_Mode: 3
    m_SelectOnUp: {fileID: 0}
    m_SelectOnDown: {fileID: 0}
    m_SelectOnLeft: {fileID: 0}
    m_SelectOnRight: {fileID: 0}
  m_Transition: 1
  m_Colors:
    m_NormalColor: {r: 1, g: 1, b: 1, a: 1}
    m_HighlightedColor: {r: 0.9607843, g: 0.9607843, b: 0.9607843, a: 1}
    m_PressedColor: {r: 0.78431374, g: 0.78431374, b: 0.78431374, a: 1}
    m_DisabledColor: {r: 0.78431374, g: 0.78431374, b: 0.78431374, a: 0.5019608}
    m_ColorMultiplier: 1
    m_FadeDuration: 0.1
  m_SpriteState:
    m_HighlightedSprite: {fileID: 0}
    m_PressedSprite: {fileID: 0}
    m_DisabledSprite: {fileID: 0}
  m_AnimationTriggers:
    m_NormalTrigger: Normal
    m_HighlightedTrigger: Highlighted
    m_PressedTrigger: Pressed
    m_DisabledTrigger: Disabled
  m_Interactable: 1
  m_TargetGraphic: {fileID: 1805240817}
  m_OnClick:
    m_PersistentCalls:
      m_Calls: []
    m_TypeName: UnityEngine.UI.Button+ButtonClickedEvent, UnityEngine.UI, Version=1.0.0.0,
      Culture=neutral, PublicKeyToken=null
--- !u!114 &1805240817
MonoBehaviour:
  m_ObjectHideFlags: 0
  m_PrefabParentObject: {fileID: 11417994, guid: 3c2b2ca1c031e4d4dae4e529aea0cd6a,
    type: 2}
  m_PrefabInternal: {fileID: 1732031337}
  m_GameObject: {fileID: 1805240814}
  m_Enabled: 1
  m_EditorHideFlags: 0
  m_Script: {fileID: -765806418, guid: f5f67c52d1564df4a8936ccd202a3bd8, type: 3}
  m_Name: 
  m_EditorClassIdentifier: 
  m_Material: {fileID: 0}
  m_Color: {r: 1, g: 1, b: 1, a: 1}
  m_RaycastTarget: 1
  m_OnCullStateChanged:
    m_PersistentCalls:
      m_Calls: []
    m_TypeName: UnityEngine.UI.MaskableGraphic+CullStateChangedEvent, UnityEngine.UI,
      Version=1.0.0.0, Culture=neutral, PublicKeyToken=null
  m_Sprite: {fileID: 21300000, guid: 8d3e2c3d8e35f45a799d6dfec6e953a2, type: 3}
  m_Type: 0
  m_PreserveAspect: 0
  m_FillCenter: 1
  m_FillMethod: 4
  m_FillAmount: 1
  m_FillClockwise: 1
  m_FillOrigin: 0
--- !u!222 &1805240818
CanvasRenderer:
  m_ObjectHideFlags: 0
  m_PrefabParentObject: {fileID: 22218000, guid: 3c2b2ca1c031e4d4dae4e529aea0cd6a,
    type: 2}
  m_PrefabInternal: {fileID: 1732031337}
  m_GameObject: {fileID: 1805240814}
--- !u!1 &1817059110
GameObject:
  m_ObjectHideFlags: 0
  m_PrefabParentObject: {fileID: 117960, guid: 3c2b2ca1c031e4d4dae4e529aea0cd6a, type: 2}
  m_PrefabInternal: {fileID: 1732031337}
  serializedVersion: 4
  m_Component:
  - 224: {fileID: 1817059111}
  - 222: {fileID: 1817059114}
  - 114: {fileID: 1817059113}
  - 114: {fileID: 1817059112}
  m_Layer: 5
  m_Name: Button
  m_TagString: Untagged
  m_Icon: {fileID: 0}
  m_NavMeshLayer: 0
  m_StaticEditorFlags: 0
  m_IsActive: 1
--- !u!224 &1817059111
RectTransform:
  m_ObjectHideFlags: 0
  m_PrefabParentObject: {fileID: 22417960, guid: 3c2b2ca1c031e4d4dae4e529aea0cd6a,
    type: 2}
  m_PrefabInternal: {fileID: 1732031337}
  m_GameObject: {fileID: 1817059110}
  m_LocalRotation: {x: 0, y: 0, z: 0, w: 1}
  m_LocalPosition: {x: 0, y: 0, z: 0}
  m_LocalScale: {x: 0.9, y: 0.9, z: 1}
  m_LocalEulerAnglesHint: {x: 0, y: 0, z: 0}
  m_Children:
  - {fileID: 1465773667}
  m_Father: {fileID: 1120789398}
  m_RootOrder: 9
  m_AnchorMin: {x: 0.5, y: 0.5}
  m_AnchorMax: {x: 0.5, y: 0.5}
  m_AnchoredPosition: {x: 2.4, y: -335}
  m_SizeDelta: {x: 95.7, y: 95.7}
  m_Pivot: {x: 0.5, y: 0.5}
--- !u!114 &1817059112
MonoBehaviour:
  m_ObjectHideFlags: 0
  m_PrefabParentObject: {fileID: 11417948, guid: 3c2b2ca1c031e4d4dae4e529aea0cd6a,
    type: 2}
  m_PrefabInternal: {fileID: 1732031337}
  m_GameObject: {fileID: 1817059110}
  m_Enabled: 1
  m_EditorHideFlags: 0
  m_Script: {fileID: 1392445389, guid: f5f67c52d1564df4a8936ccd202a3bd8, type: 3}
  m_Name: 
  m_EditorClassIdentifier: 
  m_Navigation:
    m_Mode: 3
    m_SelectOnUp: {fileID: 0}
    m_SelectOnDown: {fileID: 0}
    m_SelectOnLeft: {fileID: 0}
    m_SelectOnRight: {fileID: 0}
  m_Transition: 1
  m_Colors:
    m_NormalColor: {r: 1, g: 1, b: 1, a: 1}
    m_HighlightedColor: {r: 0.9607843, g: 0.9607843, b: 0.9607843, a: 1}
    m_PressedColor: {r: 0.78431374, g: 0.78431374, b: 0.78431374, a: 1}
    m_DisabledColor: {r: 0.78431374, g: 0.78431374, b: 0.78431374, a: 0.5019608}
    m_ColorMultiplier: 1
    m_FadeDuration: 0.1
  m_SpriteState:
    m_HighlightedSprite: {fileID: 0}
    m_PressedSprite: {fileID: 0}
    m_DisabledSprite: {fileID: 0}
  m_AnimationTriggers:
    m_NormalTrigger: Normal
    m_HighlightedTrigger: Highlighted
    m_PressedTrigger: Pressed
    m_DisabledTrigger: Disabled
  m_Interactable: 1
  m_TargetGraphic: {fileID: 1817059113}
  m_OnClick:
    m_PersistentCalls:
      m_Calls: []
    m_TypeName: UnityEngine.UI.Button+ButtonClickedEvent, UnityEngine.UI, Version=1.0.0.0,
      Culture=neutral, PublicKeyToken=null
--- !u!114 &1817059113
MonoBehaviour:
  m_ObjectHideFlags: 0
  m_PrefabParentObject: {fileID: 11417946, guid: 3c2b2ca1c031e4d4dae4e529aea0cd6a,
    type: 2}
  m_PrefabInternal: {fileID: 1732031337}
  m_GameObject: {fileID: 1817059110}
  m_Enabled: 1
  m_EditorHideFlags: 0
  m_Script: {fileID: -765806418, guid: f5f67c52d1564df4a8936ccd202a3bd8, type: 3}
  m_Name: 
  m_EditorClassIdentifier: 
  m_Material: {fileID: 0}
  m_Color: {r: 1, g: 1, b: 1, a: 1}
  m_RaycastTarget: 1
  m_OnCullStateChanged:
    m_PersistentCalls:
      m_Calls: []
    m_TypeName: UnityEngine.UI.MaskableGraphic+CullStateChangedEvent, UnityEngine.UI,
      Version=1.0.0.0, Culture=neutral, PublicKeyToken=null
  m_Sprite: {fileID: 21300000, guid: 73ff9b0cba4d93a41b8b2f045a8d52c1, type: 3}
  m_Type: 0
  m_PreserveAspect: 0
  m_FillCenter: 1
  m_FillMethod: 4
  m_FillAmount: 1
  m_FillClockwise: 1
  m_FillOrigin: 0
--- !u!222 &1817059114
CanvasRenderer:
  m_ObjectHideFlags: 0
  m_PrefabParentObject: {fileID: 22217970, guid: 3c2b2ca1c031e4d4dae4e529aea0cd6a,
    type: 2}
  m_PrefabInternal: {fileID: 1732031337}
  m_GameObject: {fileID: 1817059110}
--- !u!1 &1984403074
GameObject:
  m_ObjectHideFlags: 0
  m_PrefabParentObject: {fileID: 118012, guid: 3c2b2ca1c031e4d4dae4e529aea0cd6a, type: 2}
  m_PrefabInternal: {fileID: 1732031337}
  serializedVersion: 4
  m_Component:
  - 224: {fileID: 1984403075}
  - 222: {fileID: 1984403077}
  - 114: {fileID: 1984403076}
  m_Layer: 5
  m_Name: Text
  m_TagString: Untagged
  m_Icon: {fileID: 0}
  m_NavMeshLayer: 0
  m_StaticEditorFlags: 0
  m_IsActive: 1
--- !u!224 &1984403075
RectTransform:
  m_ObjectHideFlags: 0
  m_PrefabParentObject: {fileID: 22418012, guid: 3c2b2ca1c031e4d4dae4e529aea0cd6a,
    type: 2}
  m_PrefabInternal: {fileID: 1732031337}
  m_GameObject: {fileID: 1984403074}
  m_LocalRotation: {x: 0, y: 0, z: 0, w: 1}
  m_LocalPosition: {x: 0, y: 0, z: 0}
  m_LocalScale: {x: 1, y: 1, z: 1}
  m_LocalEulerAnglesHint: {x: 0, y: 0, z: 0}
  m_Children: []
  m_Father: {fileID: 1120789398}
  m_RootOrder: 6
  m_AnchorMin: {x: 0.5, y: 0.5}
  m_AnchorMax: {x: 0.5, y: 0.5}
  m_AnchoredPosition: {x: 0, y: -33}
  m_SizeDelta: {x: 228.1, y: 67.1}
  m_Pivot: {x: 0.5, y: 0.5}
--- !u!114 &1984403076
MonoBehaviour:
  m_ObjectHideFlags: 0
  m_PrefabParentObject: {fileID: 11418010, guid: 3c2b2ca1c031e4d4dae4e529aea0cd6a,
    type: 2}
  m_PrefabInternal: {fileID: 1732031337}
  m_GameObject: {fileID: 1984403074}
  m_Enabled: 1
  m_EditorHideFlags: 0
  m_Script: {fileID: 708705254, guid: f5f67c52d1564df4a8936ccd202a3bd8, type: 3}
  m_Name: 
  m_EditorClassIdentifier: 
  m_Material: {fileID: 0}
  m_Color: {r: 1, g: 1, b: 1, a: 1}
  m_RaycastTarget: 1
  m_OnCullStateChanged:
    m_PersistentCalls:
      m_Calls: []
    m_TypeName: UnityEngine.UI.MaskableGraphic+CullStateChangedEvent, UnityEngine.UI,
      Version=1.0.0.0, Culture=neutral, PublicKeyToken=null
  m_FontData:
    m_Font: {fileID: 12800000, guid: bd1ea67ca2b5742d1a24fcbdc17c55e1, type: 3}
    m_FontSize: 28
    m_FontStyle: 0
    m_BestFit: 0
    m_MinSize: 10
    m_MaxSize: 40
    m_Alignment: 4
    m_AlignByGeometry: 0
    m_RichText: 1
    m_HorizontalOverflow: 0
    m_VerticalOverflow: 0
    m_LineSpacing: 1
  m_Text: Taiko Time
--- !u!222 &1984403077
CanvasRenderer:
  m_ObjectHideFlags: 0
  m_PrefabParentObject: {fileID: 22218012, guid: 3c2b2ca1c031e4d4dae4e529aea0cd6a,
    type: 2}
  m_PrefabInternal: {fileID: 1732031337}
  m_GameObject: {fileID: 1984403074}
--- !u!1 &2040681469
GameObject:
  m_ObjectHideFlags: 0
  m_PrefabParentObject: {fileID: 117990, guid: 3c2b2ca1c031e4d4dae4e529aea0cd6a, type: 2}
  m_PrefabInternal: {fileID: 1732031337}
  serializedVersion: 4
  m_Component:
  - 224: {fileID: 2040681470}
  - 222: {fileID: 2040681473}
  - 114: {fileID: 2040681472}
  - 114: {fileID: 2040681471}
  m_Layer: 5
  m_Name: Button
  m_TagString: Untagged
  m_Icon: {fileID: 0}
  m_NavMeshLayer: 0
  m_StaticEditorFlags: 0
  m_IsActive: 1
--- !u!224 &2040681470
RectTransform:
  m_ObjectHideFlags: 0
  m_PrefabParentObject: {fileID: 22417990, guid: 3c2b2ca1c031e4d4dae4e529aea0cd6a,
    type: 2}
  m_PrefabInternal: {fileID: 1732031337}
  m_GameObject: {fileID: 2040681469}
  m_LocalRotation: {x: 0, y: 0, z: 0.7071068, w: 0.7071068}
  m_LocalPosition: {x: 0, y: 0, z: 0}
  m_LocalScale: {x: 0.9, y: 0.9, z: 1}
  m_LocalEulerAnglesHint: {x: 0, y: 0, z: 0}
  m_Children: []
  m_Father: {fileID: 1120789398}
  m_RootOrder: 1
  m_AnchorMin: {x: 0.5, y: 0.5}
  m_AnchorMax: {x: 0.5, y: 0.5}
  m_AnchoredPosition: {x: -233, y: 500}
  m_SizeDelta: {x: 41, y: 47}
  m_Pivot: {x: 0.5, y: 0.5}
--- !u!114 &2040681471
MonoBehaviour:
  m_ObjectHideFlags: 0
  m_PrefabParentObject: {fileID: 11417986, guid: 3c2b2ca1c031e4d4dae4e529aea0cd6a,
    type: 2}
  m_PrefabInternal: {fileID: 1732031337}
  m_GameObject: {fileID: 2040681469}
  m_Enabled: 1
  m_EditorHideFlags: 0
  m_Script: {fileID: 1392445389, guid: f5f67c52d1564df4a8936ccd202a3bd8, type: 3}
  m_Name: 
  m_EditorClassIdentifier: 
  m_Navigation:
    m_Mode: 3
    m_SelectOnUp: {fileID: 0}
    m_SelectOnDown: {fileID: 0}
    m_SelectOnLeft: {fileID: 0}
    m_SelectOnRight: {fileID: 0}
  m_Transition: 1
  m_Colors:
    m_NormalColor: {r: 1, g: 1, b: 1, a: 1}
    m_HighlightedColor: {r: 0.9607843, g: 0.9607843, b: 0.9607843, a: 1}
    m_PressedColor: {r: 0.78431374, g: 0.78431374, b: 0.78431374, a: 1}
    m_DisabledColor: {r: 0.78431374, g: 0.78431374, b: 0.78431374, a: 0.5019608}
    m_ColorMultiplier: 1
    m_FadeDuration: 0.1
  m_SpriteState:
    m_HighlightedSprite: {fileID: 0}
    m_PressedSprite: {fileID: 0}
    m_DisabledSprite: {fileID: 0}
  m_AnimationTriggers:
    m_NormalTrigger: Normal
    m_HighlightedTrigger: Highlighted
    m_PressedTrigger: Pressed
    m_DisabledTrigger: Disabled
  m_Interactable: 1
  m_TargetGraphic: {fileID: 2040681472}
  m_OnClick:
    m_PersistentCalls:
      m_Calls: []
    m_TypeName: UnityEngine.UI.Button+ButtonClickedEvent, UnityEngine.UI, Version=1.0.0.0,
      Culture=neutral, PublicKeyToken=null
--- !u!114 &2040681472
MonoBehaviour:
  m_ObjectHideFlags: 0
  m_PrefabParentObject: {fileID: 11417984, guid: 3c2b2ca1c031e4d4dae4e529aea0cd6a,
    type: 2}
  m_PrefabInternal: {fileID: 1732031337}
  m_GameObject: {fileID: 2040681469}
  m_Enabled: 1
  m_EditorHideFlags: 0
  m_Script: {fileID: -765806418, guid: f5f67c52d1564df4a8936ccd202a3bd8, type: 3}
  m_Name: 
  m_EditorClassIdentifier: 
  m_Material: {fileID: 0}
  m_Color: {r: 1, g: 1, b: 1, a: 1}
  m_RaycastTarget: 1
  m_OnCullStateChanged:
    m_PersistentCalls:
      m_Calls: []
    m_TypeName: UnityEngine.UI.MaskableGraphic+CullStateChangedEvent, UnityEngine.UI,
      Version=1.0.0.0, Culture=neutral, PublicKeyToken=null
  m_Sprite: {fileID: 21300000, guid: ca2c501f237b440c39d219b4e49c359c, type: 3}
  m_Type: 0
  m_PreserveAspect: 0
  m_FillCenter: 1
  m_FillMethod: 4
  m_FillAmount: 1
  m_FillClockwise: 1
  m_FillOrigin: 0
--- !u!222 &2040681473
CanvasRenderer:
  m_ObjectHideFlags: 0
  m_PrefabParentObject: {fileID: 22217994, guid: 3c2b2ca1c031e4d4dae4e529aea0cd6a,
    type: 2}
  m_PrefabInternal: {fileID: 1732031337}
  m_GameObject: {fileID: 2040681469}
--- !u!1 &2075125698
GameObject:
  m_ObjectHideFlags: 0
  m_PrefabParentObject: {fileID: 117992, guid: 3c2b2ca1c031e4d4dae4e529aea0cd6a, type: 2}
  m_PrefabInternal: {fileID: 1732031337}
  serializedVersion: 4
  m_Component:
  - 224: {fileID: 2075125699}
  - 222: {fileID: 2075125701}
  - 114: {fileID: 2075125700}
  m_Layer: 5
  m_Name: Background
  m_TagString: Untagged
  m_Icon: {fileID: 0}
  m_NavMeshLayer: 0
  m_StaticEditorFlags: 0
  m_IsActive: 1
--- !u!224 &2075125699
RectTransform:
  m_ObjectHideFlags: 0
  m_PrefabParentObject: {fileID: 22417992, guid: 3c2b2ca1c031e4d4dae4e529aea0cd6a,
    type: 2}
  m_PrefabInternal: {fileID: 1732031337}
  m_GameObject: {fileID: 2075125698}
  m_LocalRotation: {x: 0, y: 0, z: 0, w: 1}
  m_LocalPosition: {x: 0, y: 0, z: 0}
  m_LocalScale: {x: 1, y: 1, z: 1}
  m_LocalEulerAnglesHint: {x: 0, y: 0, z: 0}
  m_Children: []
  m_Father: {fileID: 1616638941}
  m_RootOrder: 0
  m_AnchorMin: {x: 0, y: 0.25}
  m_AnchorMax: {x: 1, y: 0.75}
  m_AnchoredPosition: {x: -5.0000014, y: 0}
  m_SizeDelta: {x: -10, y: -6}
  m_Pivot: {x: 0.5, y: 0.5}
--- !u!114 &2075125700
MonoBehaviour:
  m_ObjectHideFlags: 0
  m_PrefabParentObject: {fileID: 11417988, guid: 3c2b2ca1c031e4d4dae4e529aea0cd6a,
    type: 2}
  m_PrefabInternal: {fileID: 1732031337}
  m_GameObject: {fileID: 2075125698}
  m_Enabled: 1
  m_EditorHideFlags: 0
  m_Script: {fileID: -765806418, guid: f5f67c52d1564df4a8936ccd202a3bd8, type: 3}
  m_Name: 
  m_EditorClassIdentifier: 
  m_Material: {fileID: 0}
  m_Color: {r: 0.08823532, g: 0.08823532, b: 0.08823532, a: 1}
  m_RaycastTarget: 1
  m_OnCullStateChanged:
    m_PersistentCalls:
      m_Calls: []
    m_TypeName: UnityEngine.UI.MaskableGraphic+CullStateChangedEvent, UnityEngine.UI,
      Version=1.0.0.0, Culture=neutral, PublicKeyToken=null
  m_Sprite: {fileID: 21300000, guid: 7ed1238760b863f4aafde32ab3a6f28c, type: 3}
  m_Type: 1
  m_PreserveAspect: 0
  m_FillCenter: 1
  m_FillMethod: 4
  m_FillAmount: 1
  m_FillClockwise: 1
  m_FillOrigin: 0
--- !u!222 &2075125701
CanvasRenderer:
  m_ObjectHideFlags: 0
  m_PrefabParentObject: {fileID: 22217996, guid: 3c2b2ca1c031e4d4dae4e529aea0cd6a,
    type: 2}
  m_PrefabInternal: {fileID: 1732031337}
  m_GameObject: {fileID: 2075125698}
--- !u!1 &2100767484
GameObject:
  m_ObjectHideFlags: 0
  m_PrefabParentObject: {fileID: 118004, guid: 3c2b2ca1c031e4d4dae4e529aea0cd6a, type: 2}
  m_PrefabInternal: {fileID: 1732031337}
  serializedVersion: 4
  m_Component:
  - 224: {fileID: 2100767485}
  - 222: {fileID: 2100767487}
  - 114: {fileID: 2100767486}
  m_Layer: 5
  m_Name: BGImage
  m_TagString: Untagged
  m_Icon: {fileID: 0}
  m_NavMeshLayer: 0
  m_StaticEditorFlags: 0
  m_IsActive: 1
--- !u!224 &2100767485
RectTransform:
  m_ObjectHideFlags: 0
  m_PrefabParentObject: {fileID: 22418004, guid: 3c2b2ca1c031e4d4dae4e529aea0cd6a,
    type: 2}
  m_PrefabInternal: {fileID: 1732031337}
  m_GameObject: {fileID: 2100767484}
  m_LocalRotation: {x: 0, y: 0, z: 0, w: 1}
  m_LocalPosition: {x: 0, y: 0, z: 0}
  m_LocalScale: {x: 1, y: 1, z: 1}
  m_LocalEulerAnglesHint: {x: 0, y: 0, z: 0}
  m_Children: []
  m_Father: {fileID: 1120789398}
  m_RootOrder: 0
  m_AnchorMin: {x: 0.5, y: 0.5}
  m_AnchorMax: {x: 0.5, y: 0.5}
  m_AnchoredPosition: {x: 0, y: 0}
  m_SizeDelta: {x: 816, y: 1143}
  m_Pivot: {x: 0.5, y: 0.5}
--- !u!114 &2100767486
MonoBehaviour:
  m_ObjectHideFlags: 0
  m_PrefabParentObject: {fileID: 11418000, guid: 3c2b2ca1c031e4d4dae4e529aea0cd6a,
    type: 2}
  m_PrefabInternal: {fileID: 1732031337}
  m_GameObject: {fileID: 2100767484}
  m_Enabled: 1
  m_EditorHideFlags: 0
  m_Script: {fileID: -765806418, guid: f5f67c52d1564df4a8936ccd202a3bd8, type: 3}
  m_Name: 
  m_EditorClassIdentifier: 
  m_Material: {fileID: 0}
  m_Color: {r: 1, g: 1, b: 1, a: 0.043137256}
  m_RaycastTarget: 1
  m_OnCullStateChanged:
    m_PersistentCalls:
      m_Calls: []
    m_TypeName: UnityEngine.UI.MaskableGraphic+CullStateChangedEvent, UnityEngine.UI,
      Version=1.0.0.0, Culture=neutral, PublicKeyToken=null
  m_Sprite: {fileID: 21300000, guid: 11619e2e053004f64a8e9c75c0b74b0f, type: 3}
  m_Type: 0
  m_PreserveAspect: 0
  m_FillCenter: 1
  m_FillMethod: 4
  m_FillAmount: 1
  m_FillClockwise: 1
  m_FillOrigin: 0
--- !u!222 &2100767487
CanvasRenderer:
  m_ObjectHideFlags: 0
  m_PrefabParentObject: {fileID: 22218004, guid: 3c2b2ca1c031e4d4dae4e529aea0cd6a,
    type: 2}
  m_PrefabInternal: {fileID: 1732031337}
  m_GameObject: {fileID: 2100767484}
