%YAML 1.1
%TAG !u! tag:unity3d.com,2011:
--- !u!29 &1
SceneSettings:
  m_ObjectHideFlags: 0
  m_PVSData: 
  m_PVSObjectsArray: []
  m_PVSPortalsArray: []
  m_OcclusionBakeSettings:
    smallestOccluder: 5
    smallestHole: 0.25
    backfaceThreshold: 100
--- !u!104 &2
RenderSettings:
  m_ObjectHideFlags: 0
  serializedVersion: 7
  m_Fog: 0
  m_FogColor: {r: 0.5, g: 0.5, b: 0.5, a: 1}
  m_FogMode: 3
  m_FogDensity: 0.01
  m_LinearFogStart: 0
  m_LinearFogEnd: 300
  m_AmbientSkyColor: {r: 0.212, g: 0.227, b: 0.259, a: 1}
  m_AmbientEquatorColor: {r: 0.114, g: 0.125, b: 0.133, a: 1}
  m_AmbientGroundColor: {r: 0.047, g: 0.043, b: 0.035, a: 1}
  m_AmbientIntensity: 1
  m_AmbientMode: 0
  m_SkyboxMaterial: {fileID: 10304, guid: 0000000000000000f000000000000000, type: 0}
  m_HaloStrength: 0.5
  m_FlareStrength: 1
  m_FlareFadeSpeed: 3
  m_HaloTexture: {fileID: 0}
  m_SpotCookie: {fileID: 10001, guid: 0000000000000000e000000000000000, type: 0}
  m_DefaultReflectionMode: 0
  m_DefaultReflectionResolution: 128
  m_ReflectionBounces: 1
  m_ReflectionIntensity: 1
  m_CustomReflection: {fileID: 0}
  m_Sun: {fileID: 0}
  m_IndirectSpecularColor: {r: 0, g: 0, b: 0, a: 1}
--- !u!157 &4
LightmapSettings:
  m_ObjectHideFlags: 0
  serializedVersion: 7
  m_GIWorkflowMode: 0
  m_GISettings:
    serializedVersion: 2
    m_BounceScale: 1
    m_IndirectOutputScale: 1
    m_AlbedoBoost: 1
    m_TemporalCoherenceThreshold: 1
    m_EnvironmentLightingMode: 0
    m_EnableBakedLightmaps: 1
    m_EnableRealtimeLightmaps: 1
  m_LightmapEditorSettings:
    serializedVersion: 4
    m_Resolution: 2
    m_BakeResolution: 40
    m_TextureWidth: 1024
    m_TextureHeight: 1024
    m_AO: 0
    m_AOMaxDistance: 1
    m_CompAOExponent: 0
    m_CompAOExponentDirect: 0
    m_Padding: 2
    m_LightmapParameters: {fileID: 0}
    m_LightmapsBakeMode: 1
    m_TextureCompression: 1
    m_DirectLightInLightProbes: 1
    m_FinalGather: 0
    m_FinalGatherFiltering: 1
    m_FinalGatherRayCount: 1024
    m_ReflectionCompression: 2
  m_LightingDataAsset: {fileID: 0}
  m_RuntimeCPUUsage: 25
--- !u!196 &5
NavMeshSettings:
  serializedVersion: 2
  m_ObjectHideFlags: 0
  m_BuildSettings:
    serializedVersion: 2
    agentRadius: 0.5
    agentHeight: 2
    agentSlope: 45
    agentClimb: 0.4
    ledgeDropHeight: 0
    maxJumpAcrossDistance: 0
    accuratePlacement: 0
    minRegionArea: 2
    cellSize: 0.16666667
    manualCellSize: 0
  m_NavMeshData: {fileID: 0}
--- !u!1 &125490565
GameObject:
  m_ObjectHideFlags: 0
  m_PrefabParentObject: {fileID: 145840, guid: d9e4d92b8ac02be4abbd660d49dc97dc, type: 2}
  m_PrefabInternal: {fileID: 651843323}
  serializedVersion: 4
  m_Component:
  - 224: {fileID: 125490566}
  - 222: {fileID: 125490569}
  - 114: {fileID: 125490568}
  - 114: {fileID: 125490567}
  m_Layer: 5
  m_Name: Button
  m_TagString: Untagged
  m_Icon: {fileID: 0}
  m_NavMeshLayer: 0
  m_StaticEditorFlags: 0
  m_IsActive: 1
--- !u!224 &125490566
RectTransform:
  m_ObjectHideFlags: 0
  m_PrefabParentObject: {fileID: 22445840, guid: d9e4d92b8ac02be4abbd660d49dc97dc,
    type: 2}
  m_PrefabInternal: {fileID: 651843323}
  m_GameObject: {fileID: 125490565}
  m_LocalRotation: {x: 0, y: 0, z: 0, w: 1}
  m_LocalPosition: {x: 0, y: 0, z: 0}
  m_LocalScale: {x: 1, y: 1, z: 1}
  m_LocalEulerAnglesHint: {x: 0, y: 0, z: 0}
  m_Children: []
  m_Father: {fileID: 1970249463}
  m_RootOrder: 0
  m_AnchorMin: {x: 0.5, y: 0.5}
  m_AnchorMax: {x: 0.5, y: 0.5}
  m_AnchoredPosition: {x: -233, y: 0}
  m_SizeDelta: {x: 44, y: 21}
  m_Pivot: {x: 0.5, y: 0.5}
--- !u!114 &125490567
MonoBehaviour:
  m_ObjectHideFlags: 0
  m_PrefabParentObject: {fileID: 11445848, guid: d9e4d92b8ac02be4abbd660d49dc97dc,
    type: 2}
  m_PrefabInternal: {fileID: 651843323}
  m_GameObject: {fileID: 125490565}
  m_Enabled: 1
  m_EditorHideFlags: 0
  m_Script: {fileID: 1392445389, guid: f5f67c52d1564df4a8936ccd202a3bd8, type: 3}
  m_Name: 
  m_EditorClassIdentifier: 
  m_Navigation:
    m_Mode: 3
    m_SelectOnUp: {fileID: 0}
    m_SelectOnDown: {fileID: 0}
    m_SelectOnLeft: {fileID: 0}
    m_SelectOnRight: {fileID: 0}
  m_Transition: 1
  m_Colors:
    m_NormalColor: {r: 1, g: 1, b: 1, a: 1}
    m_HighlightedColor: {r: 0.9607843, g: 0.9607843, b: 0.9607843, a: 1}
    m_PressedColor: {r: 0.78431374, g: 0.78431374, b: 0.78431374, a: 1}
    m_DisabledColor: {r: 0.78431374, g: 0.78431374, b: 0.78431374, a: 0.5019608}
    m_ColorMultiplier: 1
    m_FadeDuration: 0.1
  m_SpriteState:
    m_HighlightedSprite: {fileID: 0}
    m_PressedSprite: {fileID: 0}
    m_DisabledSprite: {fileID: 0}
  m_AnimationTriggers:
    m_NormalTrigger: Normal
    m_HighlightedTrigger: Highlighted
    m_PressedTrigger: Pressed
    m_DisabledTrigger: Disabled
  m_Interactable: 1
  m_TargetGraphic: {fileID: 125490568}
  m_OnClick:
    m_PersistentCalls:
      m_Calls: []
    m_TypeName: UnityEngine.UI.Button+ButtonClickedEvent, UnityEngine.UI, Version=1.0.0.0,
      Culture=neutral, PublicKeyToken=null
--- !u!114 &125490568
MonoBehaviour:
  m_ObjectHideFlags: 0
  m_PrefabParentObject: {fileID: 11445850, guid: d9e4d92b8ac02be4abbd660d49dc97dc,
    type: 2}
  m_PrefabInternal: {fileID: 651843323}
  m_GameObject: {fileID: 125490565}
  m_Enabled: 1
  m_EditorHideFlags: 0
  m_Script: {fileID: -765806418, guid: f5f67c52d1564df4a8936ccd202a3bd8, type: 3}
  m_Name: 
  m_EditorClassIdentifier: 
  m_Material: {fileID: 0}
  m_Color: {r: 1, g: 1, b: 1, a: 1}
  m_RaycastTarget: 1
  m_OnCullStateChanged:
    m_PersistentCalls:
      m_Calls: []
    m_TypeName: UnityEngine.UI.MaskableGraphic+CullStateChangedEvent, UnityEngine.UI,
      Version=1.0.0.0, Culture=neutral, PublicKeyToken=null
  m_Sprite: {fileID: 21300000, guid: 6f0585d78f4714954a785e193852cc74, type: 3}
  m_Type: 0
  m_PreserveAspect: 0
  m_FillCenter: 1
  m_FillMethod: 4
  m_FillAmount: 1
  m_FillClockwise: 1
  m_FillOrigin: 0
--- !u!222 &125490569
CanvasRenderer:
  m_ObjectHideFlags: 0
  m_PrefabParentObject: {fileID: 22245834, guid: d9e4d92b8ac02be4abbd660d49dc97dc,
    type: 2}
  m_PrefabInternal: {fileID: 651843323}
  m_GameObject: {fileID: 125490565}
--- !u!1 &156929553
GameObject:
  m_ObjectHideFlags: 0
  m_PrefabParentObject: {fileID: 145826, guid: d9e4d92b8ac02be4abbd660d49dc97dc, type: 2}
  m_PrefabInternal: {fileID: 651843323}
  serializedVersion: 4
  m_Component:
  - 224: {fileID: 156929554}
  - 222: {fileID: 156929556}
  - 114: {fileID: 156929555}
  m_Layer: 5
  m_Name: Fill
  m_TagString: Untagged
  m_Icon: {fileID: 0}
  m_NavMeshLayer: 0
  m_StaticEditorFlags: 0
  m_IsActive: 1
--- !u!224 &156929554
RectTransform:
  m_ObjectHideFlags: 0
  m_PrefabParentObject: {fileID: 22445826, guid: d9e4d92b8ac02be4abbd660d49dc97dc,
    type: 2}
  m_PrefabInternal: {fileID: 651843323}
  m_GameObject: {fileID: 156929553}
  m_LocalRotation: {x: 0, y: 0, z: 0, w: 1}
  m_LocalPosition: {x: 0, y: 0, z: 0}
  m_LocalScale: {x: 1, y: 1, z: 1}
  m_LocalEulerAnglesHint: {x: 0, y: 0, z: 0}
  m_Children: []
  m_Father: {fileID: 732249238}
  m_RootOrder: 0
  m_AnchorMin: {x: 0, y: 0}
  m_AnchorMax: {x: 0, y: 0}
  m_AnchoredPosition: {x: 2.5000014, y: 0}
  m_SizeDelta: {x: 5, y: -4}
  m_Pivot: {x: 0.5, y: 0.5}
--- !u!114 &156929555
MonoBehaviour:
  m_ObjectHideFlags: 0
  m_PrefabParentObject: {fileID: 11445832, guid: d9e4d92b8ac02be4abbd660d49dc97dc,
    type: 2}
  m_PrefabInternal: {fileID: 651843323}
  m_GameObject: {fileID: 156929553}
  m_Enabled: 1
  m_EditorHideFlags: 0
  m_Script: {fileID: -765806418, guid: f5f67c52d1564df4a8936ccd202a3bd8, type: 3}
  m_Name: 
  m_EditorClassIdentifier: 
  m_Material: {fileID: 0}
  m_Color: {r: 0.99215686, g: 0.4509804, b: 0.44313726, a: 1}
  m_RaycastTarget: 1
  m_OnCullStateChanged:
    m_PersistentCalls:
      m_Calls: []
    m_TypeName: UnityEngine.UI.MaskableGraphic+CullStateChangedEvent, UnityEngine.UI,
      Version=1.0.0.0, Culture=neutral, PublicKeyToken=null
  m_Sprite: {fileID: 21300000, guid: 7ed1238760b863f4aafde32ab3a6f28c, type: 3}
  m_Type: 1
  m_PreserveAspect: 0
  m_FillCenter: 1
  m_FillMethod: 4
  m_FillAmount: 1
  m_FillClockwise: 1
  m_FillOrigin: 0
--- !u!222 &156929556
CanvasRenderer:
  m_ObjectHideFlags: 0
  m_PrefabParentObject: {fileID: 22245824, guid: d9e4d92b8ac02be4abbd660d49dc97dc,
    type: 2}
  m_PrefabInternal: {fileID: 651843323}
  m_GameObject: {fileID: 156929553}
--- !u!1 &544169952
GameObject:
  m_ObjectHideFlags: 0
  m_PrefabParentObject: {fileID: 145854, guid: d9e4d92b8ac02be4abbd660d49dc97dc, type: 2}
  m_PrefabInternal: {fileID: 651843323}
  serializedVersion: 4
  m_Component:
  - 224: {fileID: 544169953}
  - 222: {fileID: 544169955}
  - 114: {fileID: 544169954}
  m_Layer: 5
  m_Name: Text
  m_TagString: Untagged
  m_Icon: {fileID: 0}
  m_NavMeshLayer: 0
  m_StaticEditorFlags: 0
  m_IsActive: 1
--- !u!224 &544169953
RectTransform:
  m_ObjectHideFlags: 0
  m_PrefabParentObject: {fileID: 22445854, guid: d9e4d92b8ac02be4abbd660d49dc97dc,
    type: 2}
  m_PrefabInternal: {fileID: 651843323}
  m_GameObject: {fileID: 544169952}
  m_LocalRotation: {x: 0, y: 0, z: 0, w: 1}
  m_LocalPosition: {x: 0, y: 0, z: 0}
  m_LocalScale: {x: 1, y: 1, z: 1}
  m_LocalEulerAnglesHint: {x: 0, y: 0, z: 0}
  m_Children: []
  m_Father: {fileID: 1061681257}
  m_RootOrder: 2
  m_AnchorMin: {x: 0.5, y: 0.5}
  m_AnchorMax: {x: 0.5, y: 0.5}
  m_AnchoredPosition: {x: -0.1250031, y: 0}
  m_SizeDelta: {x: 342.25, y: 342.5}
  m_Pivot: {x: 0.5, y: 0.5}
--- !u!114 &544169954
MonoBehaviour:
  m_ObjectHideFlags: 0
  m_PrefabParentObject: {fileID: 11445868, guid: d9e4d92b8ac02be4abbd660d49dc97dc,
    type: 2}
  m_PrefabInternal: {fileID: 651843323}
  m_GameObject: {fileID: 544169952}
  m_Enabled: 1
  m_EditorHideFlags: 0
  m_Script: {fileID: 708705254, guid: f5f67c52d1564df4a8936ccd202a3bd8, type: 3}
  m_Name: 
  m_EditorClassIdentifier: 
  m_Material: {fileID: 0}
  m_Color: {r: 1, g: 1, b: 1, a: 0.40392157}
  m_RaycastTarget: 1
  m_OnCullStateChanged:
    m_PersistentCalls:
      m_Calls: []
    m_TypeName: UnityEngine.UI.MaskableGraphic+CullStateChangedEvent, UnityEngine.UI,
      Version=1.0.0.0, Culture=neutral, PublicKeyToken=null
  m_FontData:
    m_Font: {fileID: 12800000, guid: 5c425d43bb0df45ca8eb162d5154251e, type: 3}
    m_FontSize: 40
    m_FontStyle: 0
    m_BestFit: 0
    m_MinSize: 10
    m_MaxSize: 40
    m_Alignment: 4
    m_AlignByGeometry: 0
    m_RichText: 1
    m_HorizontalOverflow: 0
    m_VerticalOverflow: 0
    m_LineSpacing: 1
  m_Text: "\rGrinds"
--- !u!222 &544169955
CanvasRenderer:
  m_ObjectHideFlags: 0
  m_PrefabParentObject: {fileID: 22245848, guid: d9e4d92b8ac02be4abbd660d49dc97dc,
    type: 2}
  m_PrefabInternal: {fileID: 651843323}
  m_GameObject: {fileID: 544169952}
--- !u!1 &570290513
GameObject:
  m_ObjectHideFlags: 0
  m_PrefabParentObject: {fileID: 145838, guid: d9e4d92b8ac02be4abbd660d49dc97dc, type: 2}
  m_PrefabInternal: {fileID: 651843323}
  serializedVersion: 4
  m_Component:
  - 224: {fileID: 570290514}
  m_Layer: 5
  m_Name: Handle Slide Area
  m_TagString: Untagged
  m_Icon: {fileID: 0}
  m_NavMeshLayer: 0
  m_StaticEditorFlags: 0
  m_IsActive: 1
--- !u!224 &570290514
RectTransform:
  m_ObjectHideFlags: 0
  m_PrefabParentObject: {fileID: 22445838, guid: d9e4d92b8ac02be4abbd660d49dc97dc,
    type: 2}
  m_PrefabInternal: {fileID: 651843323}
  m_GameObject: {fileID: 570290513}
  m_LocalRotation: {x: 0, y: 0, z: 0, w: 1}
  m_LocalPosition: {x: 0, y: 0, z: 0}
  m_LocalScale: {x: 1, y: 1, z: 1}
  m_LocalEulerAnglesHint: {x: 0, y: 0, z: 0}
  m_Children:
  - {fileID: 678183557}
  m_Father: {fileID: 791552286}
  m_RootOrder: 2
  m_AnchorMin: {x: 0, y: 0}
  m_AnchorMax: {x: 1, y: 1}
  m_AnchoredPosition: {x: -3.8, y: 0}
  m_SizeDelta: {x: -12.5, y: 0}
  m_Pivot: {x: 0.5, y: 0.5}
--- !u!1001 &651843323
Prefab:
  m_ObjectHideFlags: 0
  serializedVersion: 2
  m_Modification:
    m_TransformParent: {fileID: 0}
    m_Modifications:
    - target: {fileID: 22445820, guid: d9e4d92b8ac02be4abbd660d49dc97dc, type: 2}
      propertyPath: m_LocalPosition.x
      value: 0
      objectReference: {fileID: 0}
    - target: {fileID: 22445820, guid: d9e4d92b8ac02be4abbd660d49dc97dc, type: 2}
      propertyPath: m_LocalPosition.y
      value: 0
      objectReference: {fileID: 0}
    - target: {fileID: 22445820, guid: d9e4d92b8ac02be4abbd660d49dc97dc, type: 2}
      propertyPath: m_LocalPosition.z
      value: 0
      objectReference: {fileID: 0}
    - target: {fileID: 22445820, guid: d9e4d92b8ac02be4abbd660d49dc97dc, type: 2}
      propertyPath: m_LocalRotation.x
      value: 0
      objectReference: {fileID: 0}
    - target: {fileID: 22445820, guid: d9e4d92b8ac02be4abbd660d49dc97dc, type: 2}
      propertyPath: m_LocalRotation.y
      value: 0
      objectReference: {fileID: 0}
    - target: {fileID: 22445820, guid: d9e4d92b8ac02be4abbd660d49dc97dc, type: 2}
      propertyPath: m_LocalRotation.z
      value: 0
      objectReference: {fileID: 0}
    - target: {fileID: 22445820, guid: d9e4d92b8ac02be4abbd660d49dc97dc, type: 2}
      propertyPath: m_LocalRotation.w
      value: 1
      objectReference: {fileID: 0}
    - target: {fileID: 22445820, guid: d9e4d92b8ac02be4abbd660d49dc97dc, type: 2}
      propertyPath: m_RootOrder
      value: 0
      objectReference: {fileID: 0}
    - target: {fileID: 22445820, guid: d9e4d92b8ac02be4abbd660d49dc97dc, type: 2}
      propertyPath: m_AnchoredPosition.x
      value: 0
      objectReference: {fileID: 0}
    - target: {fileID: 22445820, guid: d9e4d92b8ac02be4abbd660d49dc97dc, type: 2}
      propertyPath: m_AnchoredPosition.y
      value: 0
      objectReference: {fileID: 0}
    - target: {fileID: 22445820, guid: d9e4d92b8ac02be4abbd660d49dc97dc, type: 2}
      propertyPath: m_SizeDelta.x
      value: 0
      objectReference: {fileID: 0}
    - target: {fileID: 22445820, guid: d9e4d92b8ac02be4abbd660d49dc97dc, type: 2}
      propertyPath: m_SizeDelta.y
      value: 0
      objectReference: {fileID: 0}
    - target: {fileID: 22445820, guid: d9e4d92b8ac02be4abbd660d49dc97dc, type: 2}
      propertyPath: m_AnchorMin.x
      value: 0
      objectReference: {fileID: 0}
    - target: {fileID: 22445820, guid: d9e4d92b8ac02be4abbd660d49dc97dc, type: 2}
      propertyPath: m_AnchorMin.y
      value: 0
      objectReference: {fileID: 0}
    - target: {fileID: 22445820, guid: d9e4d92b8ac02be4abbd660d49dc97dc, type: 2}
      propertyPath: m_AnchorMax.x
      value: 0
      objectReference: {fileID: 0}
    - target: {fileID: 22445820, guid: d9e4d92b8ac02be4abbd660d49dc97dc, type: 2}
      propertyPath: m_AnchorMax.y
      value: 0
      objectReference: {fileID: 0}
    - target: {fileID: 22445820, guid: d9e4d92b8ac02be4abbd660d49dc97dc, type: 2}
      propertyPath: m_Pivot.x
      value: 0
      objectReference: {fileID: 0}
    - target: {fileID: 22445820, guid: d9e4d92b8ac02be4abbd660d49dc97dc, type: 2}
      propertyPath: m_Pivot.y
      value: 0
      objectReference: {fileID: 0}
    - target: {fileID: 22445826, guid: d9e4d92b8ac02be4abbd660d49dc97dc, type: 2}
      propertyPath: m_AnchorMax.x
      value: 0.277
      objectReference: {fileID: 0}
    - target: {fileID: 22445826, guid: d9e4d92b8ac02be4abbd660d49dc97dc, type: 2}
      propertyPath: m_AnchorMax.y
      value: 1
      objectReference: {fileID: 0}
    - target: {fileID: 22445846, guid: d9e4d92b8ac02be4abbd660d49dc97dc, type: 2}
      propertyPath: m_AnchorMin.x
      value: 0.277
      objectReference: {fileID: 0}
    - target: {fileID: 22445846, guid: d9e4d92b8ac02be4abbd660d49dc97dc, type: 2}
      propertyPath: m_AnchorMax.x
      value: 0.277
      objectReference: {fileID: 0}
    - target: {fileID: 22445846, guid: d9e4d92b8ac02be4abbd660d49dc97dc, type: 2}
      propertyPath: m_AnchorMax.y
      value: 1
      objectReference: {fileID: 0}
    m_RemovedComponents: []
  m_ParentPrefab: {fileID: 100100000, guid: d9e4d92b8ac02be4abbd660d49dc97dc, type: 2}
  m_RootGameObject: {fileID: 983388680}
  m_IsPrefabParent: 0
--- !u!1 &678183556
GameObject:
  m_ObjectHideFlags: 0
  m_PrefabParentObject: {fileID: 145846, guid: d9e4d92b8ac02be4abbd660d49dc97dc, type: 2}
  m_PrefabInternal: {fileID: 651843323}
  serializedVersion: 4
  m_Component:
  - 224: {fileID: 678183557}
  - 222: {fileID: 678183559}
  - 114: {fileID: 678183558}
  m_Layer: 5
  m_Name: Handle
  m_TagString: Untagged
  m_Icon: {fileID: 0}
  m_NavMeshLayer: 0
  m_StaticEditorFlags: 0
  m_IsActive: 1
--- !u!224 &678183557
RectTransform:
  m_ObjectHideFlags: 0
  m_PrefabParentObject: {fileID: 22445846, guid: d9e4d92b8ac02be4abbd660d49dc97dc,
    type: 2}
  m_PrefabInternal: {fileID: 651843323}
  m_GameObject: {fileID: 678183556}
  m_LocalRotation: {x: 0, y: 0, z: 0, w: 1}
  m_LocalPosition: {x: 0, y: 0, z: 0}
  m_LocalScale: {x: 0.8, y: 1.6, z: 1}
  m_LocalEulerAnglesHint: {x: 0, y: 0, z: 0}
  m_Children: []
  m_Father: {fileID: 570290514}
  m_RootOrder: 0
  m_AnchorMin: {x: 0, y: 0}
  m_AnchorMax: {x: 0, y: 0}
  m_AnchoredPosition: {x: 0, y: 0}
  m_SizeDelta: {x: 8, y: 0}
  m_Pivot: {x: 0.5, y: 0.5}
--- !u!114 &678183558
MonoBehaviour:
  m_ObjectHideFlags: 0
  m_PrefabParentObject: {fileID: 11445858, guid: d9e4d92b8ac02be4abbd660d49dc97dc,
    type: 2}
  m_PrefabInternal: {fileID: 651843323}
  m_GameObject: {fileID: 678183556}
  m_Enabled: 1
  m_EditorHideFlags: 0
  m_Script: {fileID: -765806418, guid: f5f67c52d1564df4a8936ccd202a3bd8, type: 3}
  m_Name: 
  m_EditorClassIdentifier: 
  m_Material: {fileID: 0}
  m_Color: {r: 1, g: 1, b: 1, a: 1}
  m_RaycastTarget: 1
  m_OnCullStateChanged:
    m_PersistentCalls:
      m_Calls: []
    m_TypeName: UnityEngine.UI.MaskableGraphic+CullStateChangedEvent, UnityEngine.UI,
      Version=1.0.0.0, Culture=neutral, PublicKeyToken=null
  m_Sprite: {fileID: 21300000, guid: 7ed1238760b863f4aafde32ab3a6f28c, type: 3}
  m_Type: 1
  m_PreserveAspect: 0
  m_FillCenter: 1
  m_FillMethod: 4
  m_FillAmount: 1
  m_FillClockwise: 1
  m_FillOrigin: 0
--- !u!222 &678183559
CanvasRenderer:
  m_ObjectHideFlags: 0
  m_PrefabParentObject: {fileID: 22245840, guid: d9e4d92b8ac02be4abbd660d49dc97dc,
    type: 2}
  m_PrefabInternal: {fileID: 651843323}
  m_GameObject: {fileID: 678183556}
--- !u!1 &678601239
GameObject:
  m_ObjectHideFlags: 0
  m_PrefabParentObject: {fileID: 145836, guid: d9e4d92b8ac02be4abbd660d49dc97dc, type: 2}
  m_PrefabInternal: {fileID: 651843323}
  serializedVersion: 4
  m_Component:
  - 224: {fileID: 678601240}
  - 222: {fileID: 678601243}
  - 114: {fileID: 678601242}
  - 114: {fileID: 678601241}
  m_Layer: 5
  m_Name: Button
  m_TagString: Untagged
  m_Icon: {fileID: 0}
  m_NavMeshLayer: 0
  m_StaticEditorFlags: 0
  m_IsActive: 1
--- !u!224 &678601240
RectTransform:
  m_ObjectHideFlags: 0
  m_PrefabParentObject: {fileID: 22445836, guid: d9e4d92b8ac02be4abbd660d49dc97dc,
    type: 2}
  m_PrefabInternal: {fileID: 651843323}
  m_GameObject: {fileID: 678601239}
  m_LocalRotation: {x: 0, y: 0, z: 1, w: -0.00000004371139}
  m_LocalPosition: {x: 0, y: 0, z: 0}
  m_LocalScale: {x: 1, y: 1, z: 1}
  m_LocalEulerAnglesHint: {x: 0, y: 0, z: 0}
  m_Children: []
  m_Father: {fileID: 1520800998}
  m_RootOrder: 2
  m_AnchorMin: {x: 0.5, y: 0.5}
  m_AnchorMax: {x: 0.5, y: 0.5}
  m_AnchoredPosition: {x: -115, y: -240.3}
  m_SizeDelta: {x: 49, y: 30}
  m_Pivot: {x: 0.5, y: 0.5}
--- !u!114 &678601241
MonoBehaviour:
  m_ObjectHideFlags: 0
  m_PrefabParentObject: {fileID: 11445844, guid: d9e4d92b8ac02be4abbd660d49dc97dc,
    type: 2}
  m_PrefabInternal: {fileID: 651843323}
  m_GameObject: {fileID: 678601239}
  m_Enabled: 1
  m_EditorHideFlags: 0
  m_Script: {fileID: 1392445389, guid: f5f67c52d1564df4a8936ccd202a3bd8, type: 3}
  m_Name: 
  m_EditorClassIdentifier: 
  m_Navigation:
    m_Mode: 3
    m_SelectOnUp: {fileID: 0}
    m_SelectOnDown: {fileID: 0}
    m_SelectOnLeft: {fileID: 0}
    m_SelectOnRight: {fileID: 0}
  m_Transition: 1
  m_Colors:
    m_NormalColor: {r: 1, g: 1, b: 1, a: 1}
    m_HighlightedColor: {r: 0.9607843, g: 0.9607843, b: 0.9607843, a: 1}
    m_PressedColor: {r: 0.78431374, g: 0.78431374, b: 0.78431374, a: 1}
    m_DisabledColor: {r: 0.78431374, g: 0.78431374, b: 0.78431374, a: 0.5019608}
    m_ColorMultiplier: 1
    m_FadeDuration: 0.1
  m_SpriteState:
    m_HighlightedSprite: {fileID: 0}
    m_PressedSprite: {fileID: 0}
    m_DisabledSprite: {fileID: 0}
  m_AnimationTriggers:
    m_NormalTrigger: Normal
    m_HighlightedTrigger: Highlighted
    m_PressedTrigger: Pressed
    m_DisabledTrigger: Disabled
  m_Interactable: 1
  m_TargetGraphic: {fileID: 678601242}
  m_OnClick:
    m_PersistentCalls:
      m_Calls: []
    m_TypeName: UnityEngine.UI.Button+ButtonClickedEvent, UnityEngine.UI, Version=1.0.0.0,
      Culture=neutral, PublicKeyToken=null
--- !u!114 &678601242
MonoBehaviour:
  m_ObjectHideFlags: 0
  m_PrefabParentObject: {fileID: 11445846, guid: d9e4d92b8ac02be4abbd660d49dc97dc,
    type: 2}
  m_PrefabInternal: {fileID: 651843323}
  m_GameObject: {fileID: 678601239}
  m_Enabled: 1
  m_EditorHideFlags: 0
  m_Script: {fileID: -765806418, guid: f5f67c52d1564df4a8936ccd202a3bd8, type: 3}
  m_Name: 
  m_EditorClassIdentifier: 
  m_Material: {fileID: 0}
  m_Color: {r: 1, g: 1, b: 1, a: 1}
  m_RaycastTarget: 1
  m_OnCullStateChanged:
    m_PersistentCalls:
      m_Calls: []
    m_TypeName: UnityEngine.UI.MaskableGraphic+CullStateChangedEvent, UnityEngine.UI,
      Version=1.0.0.0, Culture=neutral, PublicKeyToken=null
  m_Sprite: {fileID: 21300000, guid: 8d3e2c3d8e35f45a799d6dfec6e953a2, type: 3}
  m_Type: 0
  m_PreserveAspect: 0
  m_FillCenter: 1
  m_FillMethod: 4
  m_FillAmount: 1
  m_FillClockwise: 1
  m_FillOrigin: 0
--- !u!222 &678601243
CanvasRenderer:
  m_ObjectHideFlags: 0
  m_PrefabParentObject: {fileID: 22245832, guid: d9e4d92b8ac02be4abbd660d49dc97dc,
    type: 2}
  m_PrefabInternal: {fileID: 651843323}
  m_GameObject: {fileID: 678601239}
--- !u!1 &684546490
GameObject:
  m_ObjectHideFlags: 0
  m_PrefabParentObject: {fileID: 145858, guid: d9e4d92b8ac02be4abbd660d49dc97dc, type: 2}
  m_PrefabInternal: {fileID: 651843323}
  serializedVersion: 4
  m_Component:
  - 224: {fileID: 684546491}
  - 222: {fileID: 684546493}
  - 114: {fileID: 684546492}
  m_Layer: 5
  m_Name: Text
  m_TagString: Untagged
  m_Icon: {fileID: 0}
  m_NavMeshLayer: 0
  m_StaticEditorFlags: 0
  m_IsActive: 1
--- !u!224 &684546491
RectTransform:
  m_ObjectHideFlags: 0
  m_PrefabParentObject: {fileID: 22445858, guid: d9e4d92b8ac02be4abbd660d49dc97dc,
    type: 2}
  m_PrefabInternal: {fileID: 651843323}
  m_GameObject: {fileID: 684546490}
  m_LocalRotation: {x: 0, y: 0, z: 0, w: 1}
  m_LocalPosition: {x: 0, y: 0, z: 0}
  m_LocalScale: {x: 1, y: 1, z: 1}
  m_LocalEulerAnglesHint: {x: 0, y: 0, z: 0}
  m_Children: []
  m_Father: {fileID: 1520800998}
  m_RootOrder: 6
  m_AnchorMin: {x: 0.5, y: 0.5}
  m_AnchorMax: {x: 0.5, y: 0.5}
  m_AnchoredPosition: {x: 0, y: 5}
  m_SizeDelta: {x: 228.1, y: 67.1}
  m_Pivot: {x: 0.5, y: 0.5}
--- !u!114 &684546492
MonoBehaviour:
  m_ObjectHideFlags: 0
  m_PrefabParentObject: {fileID: 11445872, guid: d9e4d92b8ac02be4abbd660d49dc97dc,
    type: 2}
  m_PrefabInternal: {fileID: 651843323}
  m_GameObject: {fileID: 684546490}
  m_Enabled: 1
  m_EditorHideFlags: 0
  m_Script: {fileID: 708705254, guid: f5f67c52d1564df4a8936ccd202a3bd8, type: 3}
  m_Name: 
  m_EditorClassIdentifier: 
  m_Material: {fileID: 0}
  m_Color: {r: 1, g: 1, b: 1, a: 1}
  m_RaycastTarget: 1
  m_OnCullStateChanged:
    m_PersistentCalls:
      m_Calls: []
    m_TypeName: UnityEngine.UI.MaskableGraphic+CullStateChangedEvent, UnityEngine.UI,
      Version=1.0.0.0, Culture=neutral, PublicKeyToken=null
  m_FontData:
    m_Font: {fileID: 12800000, guid: bd1ea67ca2b5742d1a24fcbdc17c55e1, type: 3}
    m_FontSize: 40
    m_FontStyle: 0
    m_BestFit: 0
    m_MinSize: 10
    m_MaxSize: 40
    m_Alignment: 4
    m_AlignByGeometry: 0
    m_RichText: 1
    m_HorizontalOverflow: 0
    m_VerticalOverflow: 0
    m_LineSpacing: 1
  m_Text: The Divide
--- !u!222 &684546493
CanvasRenderer:
  m_ObjectHideFlags: 0
  m_PrefabParentObject: {fileID: 22245852, guid: d9e4d92b8ac02be4abbd660d49dc97dc,
    type: 2}
  m_PrefabInternal: {fileID: 651843323}
  m_GameObject: {fileID: 684546490}
--- !u!1 &732249237
GameObject:
  m_ObjectHideFlags: 0
  m_PrefabParentObject: {fileID: 145814, guid: d9e4d92b8ac02be4abbd660d49dc97dc, type: 2}
  m_PrefabInternal: {fileID: 651843323}
  serializedVersion: 4
  m_Component:
  - 224: {fileID: 732249238}
  m_Layer: 5
  m_Name: Fill Area
  m_TagString: Untagged
  m_Icon: {fileID: 0}
  m_NavMeshLayer: 0
  m_StaticEditorFlags: 0
  m_IsActive: 1
--- !u!224 &732249238
RectTransform:
  m_ObjectHideFlags: 0
  m_PrefabParentObject: {fileID: 22445814, guid: d9e4d92b8ac02be4abbd660d49dc97dc,
    type: 2}
  m_PrefabInternal: {fileID: 651843323}
  m_GameObject: {fileID: 732249237}
  m_LocalRotation: {x: 0, y: 0, z: 0, w: 1}
  m_LocalPosition: {x: 0, y: 0, z: 0}
  m_LocalScale: {x: 1, y: 1, z: 1}
  m_LocalEulerAnglesHint: {x: 0, y: 0, z: 0}
  m_Children:
  - {fileID: 156929554}
  m_Father: {fileID: 791552286}
  m_RootOrder: 1
  m_AnchorMin: {x: 0, y: 0.25}
  m_AnchorMax: {x: 1, y: 0.75}
  m_AnchoredPosition: {x: -7.499997, y: 0}
  m_SizeDelta: {x: -15, y: 0}
  m_Pivot: {x: 0.5, y: 0.5}
--- !u!1 &791552285
GameObject:
  m_ObjectHideFlags: 0
  m_PrefabParentObject: {fileID: 145830, guid: d9e4d92b8ac02be4abbd660d49dc97dc, type: 2}
  m_PrefabInternal: {fileID: 651843323}
  serializedVersion: 4
  m_Component:
  - 224: {fileID: 791552286}
  - 114: {fileID: 791552287}
  m_Layer: 5
  m_Name: Timer
  m_TagString: Untagged
  m_Icon: {fileID: 0}
  m_NavMeshLayer: 0
  m_StaticEditorFlags: 0
  m_IsActive: 1
--- !u!224 &791552286
RectTransform:
  m_ObjectHideFlags: 0
  m_PrefabParentObject: {fileID: 22445830, guid: d9e4d92b8ac02be4abbd660d49dc97dc,
    type: 2}
  m_PrefabInternal: {fileID: 651843323}
  m_GameObject: {fileID: 791552285}
  m_LocalRotation: {x: 0, y: 0, z: 0, w: 1}
  m_LocalPosition: {x: 0, y: 0, z: 0}
  m_LocalScale: {x: 1, y: 1, z: 1}
  m_LocalEulerAnglesHint: {x: 0, y: 0, z: 0}
  m_Children:
  - {fileID: 1637294856}
  - {fileID: 732249238}
  - {fileID: 570290514}
  - {fileID: 2045470402}
  - {fileID: 1978379404}
  m_Father: {fileID: 1520800998}
  m_RootOrder: 9
  m_AnchorMin: {x: 0.5, y: 0.5}
  m_AnchorMax: {x: 0.5, y: 0.5}
  m_AnchoredPosition: {x: 0, y: -334.5}
  m_SizeDelta: {x: 406.3, y: 20}
  m_Pivot: {x: 0.5, y: 0.5}
--- !u!114 &791552287
MonoBehaviour:
  m_ObjectHideFlags: 0
  m_PrefabParentObject: {fileID: 11445836, guid: d9e4d92b8ac02be4abbd660d49dc97dc,
    type: 2}
  m_PrefabInternal: {fileID: 651843323}
  m_GameObject: {fileID: 791552285}
  m_Enabled: 1
  m_EditorHideFlags: 0
  m_Script: {fileID: -113659843, guid: f5f67c52d1564df4a8936ccd202a3bd8, type: 3}
  m_Name: 
  m_EditorClassIdentifier: 
  m_Navigation:
    m_Mode: 3
    m_SelectOnUp: {fileID: 0}
    m_SelectOnDown: {fileID: 0}
    m_SelectOnLeft: {fileID: 0}
    m_SelectOnRight: {fileID: 0}
  m_Transition: 1
  m_Colors:
    m_NormalColor: {r: 1, g: 1, b: 1, a: 1}
    m_HighlightedColor: {r: 0.9607843, g: 0.9607843, b: 0.9607843, a: 1}
    m_PressedColor: {r: 0.78431374, g: 0.78431374, b: 0.78431374, a: 1}
    m_DisabledColor: {r: 0.78431374, g: 0.78431374, b: 0.78431374, a: 0.5019608}
    m_ColorMultiplier: 1
    m_FadeDuration: 0.1
  m_SpriteState:
    m_HighlightedSprite: {fileID: 0}
    m_PressedSprite: {fileID: 0}
    m_DisabledSprite: {fileID: 0}
  m_AnimationTriggers:
    m_NormalTrigger: Normal
    m_HighlightedTrigger: Highlighted
    m_PressedTrigger: Pressed
    m_DisabledTrigger: Disabled
  m_Interactable: 1
  m_TargetGraphic: {fileID: 678183558}
  m_FillRect: {fileID: 156929554}
  m_HandleRect: {fileID: 678183557}
  m_Direction: 0
  m_MinValue: 0
  m_MaxValue: 1
  m_WholeNumbers: 0
  m_Value: 0.277
  m_OnValueChanged:
    m_PersistentCalls:
      m_Calls: []
    m_TypeName: UnityEngine.UI.Slider+SliderEvent, UnityEngine.UI, Version=1.0.0.0,
      Culture=neutral, PublicKeyToken=null
--- !u!1 &835561240
GameObject:
  m_ObjectHideFlags: 0
  m_PrefabParentObject: {fileID: 145818, guid: d9e4d92b8ac02be4abbd660d49dc97dc, type: 2}
  m_PrefabInternal: {fileID: 651843323}
  serializedVersion: 4
  m_Component:
  - 224: {fileID: 835561241}
  - 222: {fileID: 835561244}
  - 114: {fileID: 835561243}
  - 114: {fileID: 835561242}
  m_Layer: 5
  m_Name: Button
  m_TagString: Untagged
  m_Icon: {fileID: 0}
  m_NavMeshLayer: 0
  m_StaticEditorFlags: 0
  m_IsActive: 1
--- !u!224 &835561241
RectTransform:
  m_ObjectHideFlags: 0
  m_PrefabParentObject: {fileID: 22445818, guid: d9e4d92b8ac02be4abbd660d49dc97dc,
    type: 2}
  m_PrefabInternal: {fileID: 651843323}
  m_GameObject: {fileID: 835561240}
  m_LocalRotation: {x: 0, y: 0, z: 0, w: 1}
  m_LocalPosition: {x: 0, y: 0, z: 0}
  m_LocalScale: {x: 1, y: 1, z: 1}
  m_LocalEulerAnglesHint: {x: 0, y: 0, z: 0}
  m_Children: []
  m_Father: {fileID: 1520800998}
  m_RootOrder: 0
  m_AnchorMin: {x: 0.5, y: 0.5}
  m_AnchorMax: {x: 0.5, y: 0.5}
  m_AnchoredPosition: {x: 6, y: -240.3}
  m_SizeDelta: {x: 31.3, y: 37.304}
  m_Pivot: {x: 0.5, y: 0.5}
--- !u!114 &835561242
MonoBehaviour:
  m_ObjectHideFlags: 0
  m_PrefabParentObject: {fileID: 11445818, guid: d9e4d92b8ac02be4abbd660d49dc97dc,
    type: 2}
  m_PrefabInternal: {fileID: 651843323}
  m_GameObject: {fileID: 835561240}
  m_Enabled: 1
  m_EditorHideFlags: 0
  m_Script: {fileID: 1392445389, guid: f5f67c52d1564df4a8936ccd202a3bd8, type: 3}
  m_Name: 
  m_EditorClassIdentifier: 
  m_Navigation:
    m_Mode: 3
    m_SelectOnUp: {fileID: 0}
    m_SelectOnDown: {fileID: 0}
    m_SelectOnLeft: {fileID: 0}
    m_SelectOnRight: {fileID: 0}
  m_Transition: 1
  m_Colors:
    m_NormalColor: {r: 1, g: 1, b: 1, a: 1}
    m_HighlightedColor: {r: 0.9607843, g: 0.9607843, b: 0.9607843, a: 1}
    m_PressedColor: {r: 0.78431374, g: 0.78431374, b: 0.78431374, a: 1}
    m_DisabledColor: {r: 0.78431374, g: 0.78431374, b: 0.78431374, a: 0.5019608}
    m_ColorMultiplier: 1
    m_FadeDuration: 0.1
  m_SpriteState:
    m_HighlightedSprite: {fileID: 0}
    m_PressedSprite: {fileID: 0}
    m_DisabledSprite: {fileID: 0}
  m_AnimationTriggers:
    m_NormalTrigger: Normal
    m_HighlightedTrigger: Highlighted
    m_PressedTrigger: Pressed
    m_DisabledTrigger: Disabled
  m_Interactable: 1
  m_TargetGraphic: {fileID: 835561243}
  m_OnClick:
    m_PersistentCalls:
      m_Calls: []
    m_TypeName: UnityEngine.UI.Button+ButtonClickedEvent, UnityEngine.UI, Version=1.0.0.0,
      Culture=neutral, PublicKeyToken=null
--- !u!114 &835561243
MonoBehaviour:
  m_ObjectHideFlags: 0
  m_PrefabParentObject: {fileID: 11445820, guid: d9e4d92b8ac02be4abbd660d49dc97dc,
    type: 2}
  m_PrefabInternal: {fileID: 651843323}
  m_GameObject: {fileID: 835561240}
  m_Enabled: 1
  m_EditorHideFlags: 0
  m_Script: {fileID: -765806418, guid: f5f67c52d1564df4a8936ccd202a3bd8, type: 3}
  m_Name: 
  m_EditorClassIdentifier: 
  m_Material: {fileID: 0}
  m_Color: {r: 1, g: 1, b: 1, a: 1}
  m_RaycastTarget: 1
  m_OnCullStateChanged:
    m_PersistentCalls:
      m_Calls: []
    m_TypeName: UnityEngine.UI.MaskableGraphic+CullStateChangedEvent, UnityEngine.UI,
      Version=1.0.0.0, Culture=neutral, PublicKeyToken=null
  m_Sprite: {fileID: 21300000, guid: 7ec47acafbe0c4b79aff5aa9019068ba, type: 3}
  m_Type: 0
  m_PreserveAspect: 0
  m_FillCenter: 1
  m_FillMethod: 4
  m_FillAmount: 1
  m_FillClockwise: 1
  m_FillOrigin: 0
--- !u!222 &835561244
CanvasRenderer:
  m_ObjectHideFlags: 0
  m_PrefabParentObject: {fileID: 22245816, guid: d9e4d92b8ac02be4abbd660d49dc97dc,
    type: 2}
  m_PrefabInternal: {fileID: 651843323}
  m_GameObject: {fileID: 835561240}
--- !u!1 &983388680
GameObject:
  m_ObjectHideFlags: 0
  m_PrefabParentObject: {fileID: 145820, guid: d9e4d92b8ac02be4abbd660d49dc97dc, type: 2}
  m_PrefabInternal: {fileID: 651843323}
  serializedVersion: 4
  m_Component:
  - 224: {fileID: 983388685}
  - 223: {fileID: 983388684}
  - 114: {fileID: 983388683}
  - 114: {fileID: 983388682}
  - 222: {fileID: 983388681}
  m_Layer: 5
  m_Name: MusicApp_2
  m_TagString: Untagged
  m_Icon: {fileID: 0}
  m_NavMeshLayer: 0
  m_StaticEditorFlags: 0
  m_IsActive: 1
--- !u!222 &983388681
CanvasRenderer:
  m_ObjectHideFlags: 0
  m_PrefabParentObject: {fileID: 22245818, guid: d9e4d92b8ac02be4abbd660d49dc97dc,
    type: 2}
  m_PrefabInternal: {fileID: 651843323}
  m_GameObject: {fileID: 983388680}
--- !u!114 &983388682
MonoBehaviour:
  m_ObjectHideFlags: 0
  m_PrefabParentObject: {fileID: 11445822, guid: d9e4d92b8ac02be4abbd660d49dc97dc,
    type: 2}
  m_PrefabInternal: {fileID: 651843323}
  m_GameObject: {fileID: 983388680}
  m_Enabled: 1
  m_EditorHideFlags: 0
  m_Script: {fileID: 1301386320, guid: f5f67c52d1564df4a8936ccd202a3bd8, type: 3}
  m_Name: 
  m_EditorClassIdentifier: 
  m_IgnoreReversedGraphics: 1
  m_BlockingObjects: 0
  m_BlockingMask:
    serializedVersion: 2
    m_Bits: 4294967295
--- !u!114 &983388683
MonoBehaviour:
  m_ObjectHideFlags: 0
  m_PrefabParentObject: {fileID: 11445824, guid: d9e4d92b8ac02be4abbd660d49dc97dc,
    type: 2}
  m_PrefabInternal: {fileID: 651843323}
  m_GameObject: {fileID: 983388680}
  m_Enabled: 1
  m_EditorHideFlags: 0
  m_Script: {fileID: 1980459831, guid: f5f67c52d1564df4a8936ccd202a3bd8, type: 3}
  m_Name: 
  m_EditorClassIdentifier: 
  m_UiScaleMode: 1
  m_ReferencePixelsPerUnit: 100
  m_ScaleFactor: 1
  m_ReferenceResolution: {x: 640, y: 1136}
  m_ScreenMatchMode: 0
  m_MatchWidthOrHeight: 1
  m_PhysicalUnit: 3
  m_FallbackScreenDPI: 96
  m_DefaultSpriteDPI: 96
  m_DynamicPixelsPerUnit: 1
--- !u!223 &983388684
Canvas:
  m_ObjectHideFlags: 0
  m_PrefabParentObject: {fileID: 22345814, guid: d9e4d92b8ac02be4abbd660d49dc97dc,
    type: 2}
  m_PrefabInternal: {fileID: 651843323}
  m_GameObject: {fileID: 983388680}
  m_Enabled: 1
  serializedVersion: 2
  m_RenderMode: 0
  m_Camera: {fileID: 0}
  m_PlaneDistance: 100
  m_PixelPerfect: 1
  m_ReceivesEvents: 1
  m_OverrideSorting: 0
  m_OverridePixelPerfect: 0
  m_SortingBucketNormalizedSize: 0
  m_SortingLayerID: 0
  m_SortingOrder: 0
  m_TargetDisplay: 0
--- !u!224 &983388685
RectTransform:
  m_ObjectHideFlags: 0
  m_PrefabParentObject: {fileID: 22445820, guid: d9e4d92b8ac02be4abbd660d49dc97dc,
    type: 2}
  m_PrefabInternal: {fileID: 651843323}
  m_GameObject: {fileID: 983388680}
  m_LocalRotation: {x: 0, y: 0, z: 0, w: 1}
  m_LocalPosition: {x: 0, y: 0, z: 0}
  m_LocalScale: {x: 0, y: 0, z: 0}
  m_LocalEulerAnglesHint: {x: 0, y: 0, z: 0}
  m_Children:
  - {fileID: 1520800998}
  - {fileID: 1691585870}
  m_Father: {fileID: 0}
  m_RootOrder: 0
  m_AnchorMin: {x: 0, y: 0}
  m_AnchorMax: {x: 0, y: 0}
  m_AnchoredPosition: {x: 0, y: 0}
  m_SizeDelta: {x: 0, y: 0}
  m_Pivot: {x: 0, y: 0}
--- !u!1 &1061681256
GameObject:
  m_ObjectHideFlags: 0
  m_PrefabParentObject: {fileID: 145844, guid: d9e4d92b8ac02be4abbd660d49dc97dc, type: 2}
  m_PrefabInternal: {fileID: 651843323}
  serializedVersion: 4
  m_Component:
  - 224: {fileID: 1061681257}
  - 222: {fileID: 1061681260}
  - 114: {fileID: 1061681259}
  - 114: {fileID: 1061681258}
  m_Layer: 5
  m_Name: Panel
  m_TagString: Untagged
  m_Icon: {fileID: 0}
  m_NavMeshLayer: 0
  m_StaticEditorFlags: 0
  m_IsActive: 1
--- !u!224 &1061681257
RectTransform:
  m_ObjectHideFlags: 0
  m_PrefabParentObject: {fileID: 22445844, guid: d9e4d92b8ac02be4abbd660d49dc97dc,
    type: 2}
  m_PrefabInternal: {fileID: 651843323}
  m_GameObject: {fileID: 1061681256}
  m_LocalRotation: {x: 0, y: 0, z: 0, w: 1}
  m_LocalPosition: {x: 0, y: 0, z: 0}
  m_LocalScale: {x: 1, y: 1, z: 1}
  m_LocalEulerAnglesHint: {x: 0, y: 0, z: 0}
  m_Children:
  - {fileID: 1191623713}
  - {fileID: 1882342648}
  - {fileID: 544169953}
  m_Father: {fileID: 1520800998}
  m_RootOrder: 11
  m_AnchorMin: {x: 0.5, y: 0.5}
  m_AnchorMax: {x: 0.5, y: 0.5}
  m_AnchoredPosition: {x: 0, y: 227}
  m_SizeDelta: {x: 342, y: 343}
  m_Pivot: {x: 0.5, y: 0.5}
--- !u!114 &1061681258
MonoBehaviour:
  m_ObjectHideFlags: 0
  m_PrefabParentObject: {fileID: 11445854, guid: d9e4d92b8ac02be4abbd660d49dc97dc,
    type: 2}
  m_PrefabInternal: {fileID: 651843323}
  m_GameObject: {fileID: 1061681256}
  m_Enabled: 1
  m_EditorHideFlags: 0
  m_Script: {fileID: -1200242548, guid: f5f67c52d1564df4a8936ccd202a3bd8, type: 3}
  m_Name: 
  m_EditorClassIdentifier: 
  m_ShowMaskGraphic: 1
--- !u!114 &1061681259
MonoBehaviour:
  m_ObjectHideFlags: 0
  m_PrefabParentObject: {fileID: 11445856, guid: d9e4d92b8ac02be4abbd660d49dc97dc,
    type: 2}
  m_PrefabInternal: {fileID: 651843323}
  m_GameObject: {fileID: 1061681256}
  m_Enabled: 1
  m_EditorHideFlags: 0
  m_Script: {fileID: -765806418, guid: f5f67c52d1564df4a8936ccd202a3bd8, type: 3}
  m_Name: 
  m_EditorClassIdentifier: 
  m_Material: {fileID: 0}
  m_Color: {r: 1, g: 1, b: 1, a: 1}
  m_RaycastTarget: 1
  m_OnCullStateChanged:
    m_PersistentCalls:
      m_Calls: []
    m_TypeName: UnityEngine.UI.MaskableGraphic+CullStateChangedEvent, UnityEngine.UI,
      Version=1.0.0.0, Culture=neutral, PublicKeyToken=null
  m_Sprite: {fileID: 21300000, guid: 7ed1238760b863f4aafde32ab3a6f28c, type: 3}
  m_Type: 1
  m_PreserveAspect: 0
  m_FillCenter: 1
  m_FillMethod: 4
  m_FillAmount: 1
  m_FillClockwise: 1
  m_FillOrigin: 0
--- !u!222 &1061681260
CanvasRenderer:
  m_ObjectHideFlags: 0
  m_PrefabParentObject: {fileID: 22245838, guid: d9e4d92b8ac02be4abbd660d49dc97dc,
    type: 2}
  m_PrefabInternal: {fileID: 651843323}
  m_GameObject: {fileID: 1061681256}
--- !u!1 &1160664484
GameObject:
  m_ObjectHideFlags: 0
  m_PrefabParentObject: {fileID: 145832, guid: d9e4d92b8ac02be4abbd660d49dc97dc, type: 2}
  m_PrefabInternal: {fileID: 651843323}
  serializedVersion: 4
  m_Component:
  - 224: {fileID: 1160664485}
  - 222: {fileID: 1160664487}
  - 114: {fileID: 1160664486}
  m_Layer: 5
  m_Name: AppTitle
  m_TagString: Untagged
  m_Icon: {fileID: 0}
  m_NavMeshLayer: 0
  m_StaticEditorFlags: 0
  m_IsActive: 1
--- !u!224 &1160664485
RectTransform:
  m_ObjectHideFlags: 0
  m_PrefabParentObject: {fileID: 22445832, guid: d9e4d92b8ac02be4abbd660d49dc97dc,
    type: 2}
  m_PrefabInternal: {fileID: 651843323}
  m_GameObject: {fileID: 1160664484}
  m_LocalRotation: {x: 0, y: 0, z: 0, w: 1}
  m_LocalPosition: {x: 0, y: 0, z: 0}
  m_LocalScale: {x: 1, y: 1, z: 1}
  m_LocalEulerAnglesHint: {x: 0, y: 0, z: 0}
  m_Children: []
  m_Father: {fileID: 1691585870}
  m_RootOrder: 0
  m_AnchorMin: {x: 0.5, y: 0.5}
  m_AnchorMax: {x: 0.5, y: 0.5}
  m_AnchoredPosition: {x: 0, y: -71}
  m_SizeDelta: {x: 695, y: 67}
  m_Pivot: {x: 0.5, y: 0.5}
--- !u!114 &1160664486
MonoBehaviour:
  m_ObjectHideFlags: 0
  m_PrefabParentObject: {fileID: 11445838, guid: d9e4d92b8ac02be4abbd660d49dc97dc,
    type: 2}
  m_PrefabInternal: {fileID: 651843323}
  m_GameObject: {fileID: 1160664484}
  m_Enabled: 1
  m_EditorHideFlags: 0
  m_Script: {fileID: 708705254, guid: f5f67c52d1564df4a8936ccd202a3bd8, type: 3}
  m_Name: 
  m_EditorClassIdentifier: 
  m_Material: {fileID: 0}
  m_Color: {r: 0.85490197, g: 0.85490197, b: 0.85490197, a: 1}
  m_RaycastTarget: 1
  m_OnCullStateChanged:
    m_PersistentCalls:
      m_Calls: []
    m_TypeName: UnityEngine.UI.MaskableGraphic+CullStateChangedEvent, UnityEngine.UI,
      Version=1.0.0.0, Culture=neutral, PublicKeyToken=null
  m_FontData:
    m_Font: {fileID: 12800000, guid: 218956a5c2a6e42d6a60afccf80b002b, type: 3}
    m_FontSize: 40
    m_FontStyle: 0
    m_BestFit: 0
    m_MinSize: 10
    m_MaxSize: 40
    m_Alignment: 0
    m_AlignByGeometry: 0
    m_RichText: 1
    m_HorizontalOverflow: 0
    m_VerticalOverflow: 1
    m_LineSpacing: 1
  m_Text: APP SAMPLE
--- !u!222 &1160664487
CanvasRenderer:
  m_ObjectHideFlags: 0
  m_PrefabParentObject: {fileID: 22245828, guid: d9e4d92b8ac02be4abbd660d49dc97dc,
    type: 2}
  m_PrefabInternal: {fileID: 651843323}
  m_GameObject: {fileID: 1160664484}
--- !u!1 &1191623712
GameObject:
  m_ObjectHideFlags: 0
  m_PrefabParentObject: {fileID: 145860, guid: d9e4d92b8ac02be4abbd660d49dc97dc, type: 2}
  m_PrefabInternal: {fileID: 651843323}
  serializedVersion: 4
  m_Component:
  - 224: {fileID: 1191623713}
  - 222: {fileID: 1191623715}
  - 114: {fileID: 1191623714}
  m_Layer: 5
  m_Name: Image
  m_TagString: Untagged
  m_Icon: {fileID: 0}
  m_NavMeshLayer: 0
  m_StaticEditorFlags: 0
  m_IsActive: 1
--- !u!224 &1191623713
RectTransform:
  m_ObjectHideFlags: 0
  m_PrefabParentObject: {fileID: 22445860, guid: d9e4d92b8ac02be4abbd660d49dc97dc,
    type: 2}
  m_PrefabInternal: {fileID: 651843323}
  m_GameObject: {fileID: 1191623712}
  m_LocalRotation: {x: 0, y: 0, z: 0, w: 1}
  m_LocalPosition: {x: 0, y: 0, z: 0}
  m_LocalScale: {x: 1, y: 1, z: 1}
  m_LocalEulerAnglesHint: {x: 0, y: 0, z: 0}
  m_Children: []
  m_Father: {fileID: 1061681257}
  m_RootOrder: 0
  m_AnchorMin: {x: 0.5, y: 0.5}
  m_AnchorMax: {x: 0.5, y: 0.5}
  m_AnchoredPosition: {x: -57, y: -0.0000054836273}
  m_SizeDelta: {x: 524, y: 349}
  m_Pivot: {x: 0.5, y: 0.5}
--- !u!114 &1191623714
MonoBehaviour:
  m_ObjectHideFlags: 0
  m_PrefabParentObject: {fileID: 11445874, guid: d9e4d92b8ac02be4abbd660d49dc97dc,
    type: 2}
  m_PrefabInternal: {fileID: 651843323}
  m_GameObject: {fileID: 1191623712}
  m_Enabled: 1
  m_EditorHideFlags: 0
  m_Script: {fileID: -765806418, guid: f5f67c52d1564df4a8936ccd202a3bd8, type: 3}
  m_Name: 
  m_EditorClassIdentifier: 
  m_Material: {fileID: 0}
  m_Color: {r: 1, g: 1, b: 1, a: 1}
  m_RaycastTarget: 1
  m_OnCullStateChanged:
    m_PersistentCalls:
      m_Calls: []
    m_TypeName: UnityEngine.UI.MaskableGraphic+CullStateChangedEvent, UnityEngine.UI,
      Version=1.0.0.0, Culture=neutral, PublicKeyToken=null
  m_Sprite: {fileID: 21300000, guid: c12ae905060fc354bb83f7bf14d807d4, type: 3}
  m_Type: 0
  m_PreserveAspect: 0
  m_FillCenter: 1
  m_FillMethod: 4
  m_FillAmount: 1
  m_FillClockwise: 1
  m_FillOrigin: 0
--- !u!222 &1191623715
CanvasRenderer:
  m_ObjectHideFlags: 0
  m_PrefabParentObject: {fileID: 22245854, guid: d9e4d92b8ac02be4abbd660d49dc97dc,
    type: 2}
  m_PrefabInternal: {fileID: 651843323}
  m_GameObject: {fileID: 1191623712}
--- !u!1 &1284625214
GameObject:
  m_ObjectHideFlags: 0
  m_PrefabParentObject: {fileID: 145852, guid: d9e4d92b8ac02be4abbd660d49dc97dc, type: 2}
  m_PrefabInternal: {fileID: 651843323}
  serializedVersion: 4
  m_Component:
  - 224: {fileID: 1284625215}
  - 222: {fileID: 1284625218}
  - 114: {fileID: 1284625217}
  - 114: {fileID: 1284625216}
  m_Layer: 5
  m_Name: Button
  m_TagString: Untagged
  m_Icon: {fileID: 0}
  m_NavMeshLayer: 0
  m_StaticEditorFlags: 0
  m_IsActive: 1
--- !u!224 &1284625215
RectTransform:
  m_ObjectHideFlags: 0
  m_PrefabParentObject: {fileID: 22445852, guid: d9e4d92b8ac02be4abbd660d49dc97dc,
    type: 2}
  m_PrefabInternal: {fileID: 651843323}
  m_GameObject: {fileID: 1284625214}
  m_LocalRotation: {x: 0, y: 0, z: 0, w: 1}
  m_LocalPosition: {x: 0, y: 0, z: 0}
  m_LocalScale: {x: 0.8, y: 0.8, z: 1}
  m_LocalEulerAnglesHint: {x: 0, y: 0, z: 0}
  m_Children: []
  m_Father: {fileID: 1520800998}
  m_RootOrder: 4
  m_AnchorMin: {x: 0.5, y: 0.5}
  m_AnchorMax: {x: 0.5, y: 0.5}
  m_AnchoredPosition: {x: -220, y: -507.2}
  m_SizeDelta: {x: 46, y: 37}
  m_Pivot: {x: 0.5, y: 0.5}
--- !u!114 &1284625216
MonoBehaviour:
  m_ObjectHideFlags: 0
  m_PrefabParentObject: {fileID: 11445864, guid: d9e4d92b8ac02be4abbd660d49dc97dc,
    type: 2}
  m_PrefabInternal: {fileID: 651843323}
  m_GameObject: {fileID: 1284625214}
  m_Enabled: 1
  m_EditorHideFlags: 0
  m_Script: {fileID: 1392445389, guid: f5f67c52d1564df4a8936ccd202a3bd8, type: 3}
  m_Name: 
  m_EditorClassIdentifier: 
  m_Navigation:
    m_Mode: 3
    m_SelectOnUp: {fileID: 0}
    m_SelectOnDown: {fileID: 0}
    m_SelectOnLeft: {fileID: 0}
    m_SelectOnRight: {fileID: 0}
  m_Transition: 1
  m_Colors:
    m_NormalColor: {r: 1, g: 1, b: 1, a: 1}
    m_HighlightedColor: {r: 0.9607843, g: 0.9607843, b: 0.9607843, a: 1}
    m_PressedColor: {r: 0.78431374, g: 0.78431374, b: 0.78431374, a: 1}
    m_DisabledColor: {r: 0.78431374, g: 0.78431374, b: 0.78431374, a: 0.5019608}
    m_ColorMultiplier: 1
    m_FadeDuration: 0.1
  m_SpriteState:
    m_HighlightedSprite: {fileID: 0}
    m_PressedSprite: {fileID: 0}
    m_DisabledSprite: {fileID: 0}
  m_AnimationTriggers:
    m_NormalTrigger: Normal
    m_HighlightedTrigger: Highlighted
    m_PressedTrigger: Pressed
    m_DisabledTrigger: Disabled
  m_Interactable: 1
  m_TargetGraphic: {fileID: 1284625217}
  m_OnClick:
    m_PersistentCalls:
      m_Calls: []
    m_TypeName: UnityEngine.UI.Button+ButtonClickedEvent, UnityEngine.UI, Version=1.0.0.0,
      Culture=neutral, PublicKeyToken=null
--- !u!114 &1284625217
MonoBehaviour:
  m_ObjectHideFlags: 0
  m_PrefabParentObject: {fileID: 11445866, guid: d9e4d92b8ac02be4abbd660d49dc97dc,
    type: 2}
  m_PrefabInternal: {fileID: 651843323}
  m_GameObject: {fileID: 1284625214}
  m_Enabled: 1
  m_EditorHideFlags: 0
  m_Script: {fileID: -765806418, guid: f5f67c52d1564df4a8936ccd202a3bd8, type: 3}
  m_Name: 
  m_EditorClassIdentifier: 
  m_Material: {fileID: 0}
  m_Color: {r: 1, g: 1, b: 1, a: 1}
  m_RaycastTarget: 1
  m_OnCullStateChanged:
    m_PersistentCalls:
      m_Calls: []
    m_TypeName: UnityEngine.UI.MaskableGraphic+CullStateChangedEvent, UnityEngine.UI,
      Version=1.0.0.0, Culture=neutral, PublicKeyToken=null
  m_Sprite: {fileID: 21300000, guid: d6c30ca94605b4d2e8c19bde9711c3ae, type: 3}
  m_Type: 0
  m_PreserveAspect: 0
  m_FillCenter: 1
  m_FillMethod: 4
  m_FillAmount: 1
  m_FillClockwise: 1
  m_FillOrigin: 0
--- !u!222 &1284625218
CanvasRenderer:
  m_ObjectHideFlags: 0
  m_PrefabParentObject: {fileID: 22245846, guid: d9e4d92b8ac02be4abbd660d49dc97dc,
    type: 2}
  m_PrefabInternal: {fileID: 651843323}
  m_GameObject: {fileID: 1284625214}
--- !u!1 &1500371475
GameObject:
  m_ObjectHideFlags: 0
  m_PrefabParentObject: {fileID: 0}
  m_PrefabInternal: {fileID: 0}
  serializedVersion: 4
  m_Component:
  - 4: {fileID: 1500371479}
  - 114: {fileID: 1500371478}
  - 114: {fileID: 1500371477}
  - 114: {fileID: 1500371476}
  m_Layer: 0
  m_Name: EventSystem
  m_TagString: Untagged
  m_Icon: {fileID: 0}
  m_NavMeshLayer: 0
  m_StaticEditorFlags: 0
  m_IsActive: 1
--- !u!114 &1500371476
MonoBehaviour:
  m_ObjectHideFlags: 0
  m_PrefabParentObject: {fileID: 0}
  m_PrefabInternal: {fileID: 0}
  m_GameObject: {fileID: 1500371475}
  m_Enabled: 1
  m_EditorHideFlags: 0
  m_Script: {fileID: 1997211142, guid: f5f67c52d1564df4a8936ccd202a3bd8, type: 3}
  m_Name: 
  m_EditorClassIdentifier: 
  m_ForceModuleActive: 0
--- !u!114 &1500371477
MonoBehaviour:
  m_ObjectHideFlags: 0
  m_PrefabParentObject: {fileID: 0}
  m_PrefabInternal: {fileID: 0}
  m_GameObject: {fileID: 1500371475}
  m_Enabled: 1
  m_EditorHideFlags: 0
  m_Script: {fileID: 1077351063, guid: f5f67c52d1564df4a8936ccd202a3bd8, type: 3}
  m_Name: 
  m_EditorClassIdentifier: 
  m_HorizontalAxis: Horizontal
  m_VerticalAxis: Vertical
  m_SubmitButton: Submit
  m_CancelButton: Cancel
  m_InputActionsPerSecond: 10
  m_RepeatDelay: 0.5
  m_ForceModuleActive: 0
--- !u!114 &1500371478
MonoBehaviour:
  m_ObjectHideFlags: 0
  m_PrefabParentObject: {fileID: 0}
  m_PrefabInternal: {fileID: 0}
  m_GameObject: {fileID: 1500371475}
  m_Enabled: 1
  m_EditorHideFlags: 0
  m_Script: {fileID: -619905303, guid: f5f67c52d1564df4a8936ccd202a3bd8, type: 3}
  m_Name: 
  m_EditorClassIdentifier: 
  m_FirstSelected: {fileID: 0}
  m_sendNavigationEvents: 1
  m_DragThreshold: 5
--- !u!4 &1500371479
Transform:
  m_ObjectHideFlags: 0
  m_PrefabParentObject: {fileID: 0}
  m_PrefabInternal: {fileID: 0}
  m_GameObject: {fileID: 1500371475}
  m_LocalRotation: {x: 0, y: 0, z: 0, w: 1}
  m_LocalPosition: {x: 0, y: 0, z: 0}
  m_LocalScale: {x: 1, y: 1, z: 1}
  m_LocalEulerAnglesHint: {x: 0, y: 0, z: 0}
  m_Children: []
  m_Father: {fileID: 0}
  m_RootOrder: 1
--- !u!1 &1511305452
GameObject:
  m_ObjectHideFlags: 0
  m_PrefabParentObject: {fileID: 0}
  m_PrefabInternal: {fileID: 0}
  serializedVersion: 4
  m_Component:
  - 4: {fileID: 1511305453}
  m_Layer: 0
  m_Name: __SET_YOUR_GAMESCREEN_TO_640x1336
  m_TagString: Untagged
  m_Icon: {fileID: 0}
  m_NavMeshLayer: 0
  m_StaticEditorFlags: 0
  m_IsActive: 1
--- !u!4 &1511305453
Transform:
  m_ObjectHideFlags: 0
  m_PrefabParentObject: {fileID: 0}
  m_PrefabInternal: {fileID: 0}
  m_GameObject: {fileID: 1511305452}
  m_LocalRotation: {x: 0, y: 0, z: 0, w: 1}
  m_LocalPosition: {x: 494.995, y: 627.74, z: 0}
  m_LocalScale: {x: 1, y: 1, z: 1}
  m_LocalEulerAnglesHint: {x: 0, y: 0, z: 0}
  m_Children: []
  m_Father: {fileID: 0}
  m_RootOrder: 2
--- !u!1 &1520800997
GameObject:
  m_ObjectHideFlags: 0
  m_PrefabParentObject: {fileID: 145866, guid: d9e4d92b8ac02be4abbd660d49dc97dc, type: 2}
  m_PrefabInternal: {fileID: 651843323}
  serializedVersion: 4
  m_Component:
  - 224: {fileID: 1520800998}
  - 222: {fileID: 1520801001}
  - 114: {fileID: 1520801000}
  - 114: {fileID: 1520800999}
  m_Layer: 5
  m_Name: Panel
  m_TagString: Untagged
  m_Icon: {fileID: 0}
  m_NavMeshLayer: 0
  m_StaticEditorFlags: 0
  m_IsActive: 1
--- !u!224 &1520800998
RectTransform:
  m_ObjectHideFlags: 0
  m_PrefabParentObject: {fileID: 22445866, guid: d9e4d92b8ac02be4abbd660d49dc97dc,
    type: 2}
  m_PrefabInternal: {fileID: 651843323}
  m_GameObject: {fileID: 1520800997}
  m_LocalRotation: {x: 0, y: 0, z: 0, w: 1}
  m_LocalPosition: {x: 0, y: 0, z: 0}
  m_LocalScale: {x: 1, y: 1, z: 1}
  m_LocalEulerAnglesHint: {x: 0, y: 0, z: 0}
  m_Children:
  - {fileID: 835561241}
  - {fileID: 1938260598}
  - {fileID: 678601240}
  - {fileID: 1789929075}
  - {fileID: 1284625215}
  - {fileID: 1983226744}
  - {fileID: 684546491}
  - {fileID: 1889190838}
  - {fileID: 1926830320}
  - {fileID: 791552286}
  - {fileID: 1970249463}
  - {fileID: 1061681257}
  m_Father: {fileID: 983388685}
  m_RootOrder: 0
  m_AnchorMin: {x: 0.5, y: 0.5}
  m_AnchorMax: {x: 0.5, y: 0.5}
  m_AnchoredPosition: {x: 0, y: 0}
  m_SizeDelta: {x: 640, y: 1136}
  m_Pivot: {x: 0.5, y: 0.5}
--- !u!114 &1520800999
MonoBehaviour:
  m_ObjectHideFlags: 0
  m_PrefabParentObject: {fileID: 11445880, guid: d9e4d92b8ac02be4abbd660d49dc97dc,
    type: 2}
  m_PrefabInternal: {fileID: 651843323}
  m_GameObject: {fileID: 1520800997}
  m_Enabled: 1
  m_EditorHideFlags: 0
  m_Script: {fileID: -1200242548, guid: f5f67c52d1564df4a8936ccd202a3bd8, type: 3}
  m_Name: 
  m_EditorClassIdentifier: 
  m_ShowMaskGraphic: 1
--- !u!114 &1520801000
MonoBehaviour:
  m_ObjectHideFlags: 0
  m_PrefabParentObject: {fileID: 11445882, guid: d9e4d92b8ac02be4abbd660d49dc97dc,
    type: 2}
  m_PrefabInternal: {fileID: 651843323}
  m_GameObject: {fileID: 1520800997}
  m_Enabled: 1
  m_EditorHideFlags: 0
  m_Script: {fileID: -765806418, guid: f5f67c52d1564df4a8936ccd202a3bd8, type: 3}
  m_Name: 
  m_EditorClassIdentifier: 
  m_Material: {fileID: 0}
  m_Color: {r: 0.12156863, g: 0.12156863, b: 0.12156863, a: 1}
  m_RaycastTarget: 1
  m_OnCullStateChanged:
    m_PersistentCalls:
      m_Calls: []
    m_TypeName: UnityEngine.UI.MaskableGraphic+CullStateChangedEvent, UnityEngine.UI,
      Version=1.0.0.0, Culture=neutral, PublicKeyToken=null
  m_Sprite: {fileID: 21300000, guid: 7ed1238760b863f4aafde32ab3a6f28c, type: 3}
  m_Type: 1
  m_PreserveAspect: 0
  m_FillCenter: 1
  m_FillMethod: 4
  m_FillAmount: 1
  m_FillClockwise: 1
  m_FillOrigin: 0
--- !u!222 &1520801001
CanvasRenderer:
  m_ObjectHideFlags: 0
  m_PrefabParentObject: {fileID: 22245860, guid: d9e4d92b8ac02be4abbd660d49dc97dc,
    type: 2}
  m_PrefabInternal: {fileID: 651843323}
  m_GameObject: {fileID: 1520800997}
--- !u!1 &1637294855
GameObject:
  m_ObjectHideFlags: 0
  m_PrefabParentObject: {fileID: 145864, guid: d9e4d92b8ac02be4abbd660d49dc97dc, type: 2}
  m_PrefabInternal: {fileID: 651843323}
  serializedVersion: 4
  m_Component:
  - 224: {fileID: 1637294856}
  - 222: {fileID: 1637294858}
  - 114: {fileID: 1637294857}
  m_Layer: 5
  m_Name: Background
  m_TagString: Untagged
  m_Icon: {fileID: 0}
  m_NavMeshLayer: 0
  m_StaticEditorFlags: 0
  m_IsActive: 1
--- !u!224 &1637294856
RectTransform:
  m_ObjectHideFlags: 0
  m_PrefabParentObject: {fileID: 22445864, guid: d9e4d92b8ac02be4abbd660d49dc97dc,
    type: 2}
  m_PrefabInternal: {fileID: 651843323}
  m_GameObject: {fileID: 1637294855}
  m_LocalRotation: {x: 0, y: 0, z: 0, w: 1}
  m_LocalPosition: {x: 0, y: 0, z: 0}
  m_LocalScale: {x: 1, y: 1, z: 1}
  m_LocalEulerAnglesHint: {x: 0, y: 0, z: 0}
  m_Children: []
  m_Father: {fileID: 791552286}
  m_RootOrder: 0
  m_AnchorMin: {x: 0, y: 0.25}
  m_AnchorMax: {x: 1, y: 0.75}
  m_AnchoredPosition: {x: -5.0000014, y: 0}
  m_SizeDelta: {x: -10, y: -4}
  m_Pivot: {x: 0.5, y: 0.5}
--- !u!114 &1637294857
MonoBehaviour:
  m_ObjectHideFlags: 0
  m_PrefabParentObject: {fileID: 11445878, guid: d9e4d92b8ac02be4abbd660d49dc97dc,
    type: 2}
  m_PrefabInternal: {fileID: 651843323}
  m_GameObject: {fileID: 1637294855}
  m_Enabled: 1
  m_EditorHideFlags: 0
  m_Script: {fileID: -765806418, guid: f5f67c52d1564df4a8936ccd202a3bd8, type: 3}
  m_Name: 
  m_EditorClassIdentifier: 
  m_Material: {fileID: 0}
  m_Color: {r: 1, g: 1, b: 1, a: 1}
  m_RaycastTarget: 1
  m_OnCullStateChanged:
    m_PersistentCalls:
      m_Calls: []
    m_TypeName: UnityEngine.UI.MaskableGraphic+CullStateChangedEvent, UnityEngine.UI,
      Version=1.0.0.0, Culture=neutral, PublicKeyToken=null
  m_Sprite: {fileID: 21300000, guid: 7ed1238760b863f4aafde32ab3a6f28c, type: 3}
  m_Type: 1
  m_PreserveAspect: 0
  m_FillCenter: 1
  m_FillMethod: 4
  m_FillAmount: 1
  m_FillClockwise: 1
  m_FillOrigin: 0
--- !u!222 &1637294858
CanvasRenderer:
  m_ObjectHideFlags: 0
  m_PrefabParentObject: {fileID: 22245858, guid: d9e4d92b8ac02be4abbd660d49dc97dc,
    type: 2}
  m_PrefabInternal: {fileID: 651843323}
  m_GameObject: {fileID: 1637294855}
--- !u!1 &1691585869
GameObject:
  m_ObjectHideFlags: 0
  m_PrefabParentObject: {fileID: 145842, guid: d9e4d92b8ac02be4abbd660d49dc97dc, type: 2}
  m_PrefabInternal: {fileID: 651843323}
  serializedVersion: 4
  m_Component:
  - 224: {fileID: 1691585870}
  - 222: {fileID: 1691585872}
  - 114: {fileID: 1691585871}
  m_Layer: 5
  m_Name: AppTitle
  m_TagString: Untagged
  m_Icon: {fileID: 0}
  m_NavMeshLayer: 0
  m_StaticEditorFlags: 0
  m_IsActive: 1
--- !u!224 &1691585870
RectTransform:
  m_ObjectHideFlags: 0
  m_PrefabParentObject: {fileID: 22445842, guid: d9e4d92b8ac02be4abbd660d49dc97dc,
    type: 2}
  m_PrefabInternal: {fileID: 651843323}
  m_GameObject: {fileID: 1691585869}
  m_LocalRotation: {x: 0, y: 0, z: 0, w: 1}
  m_LocalPosition: {x: 0, y: 0, z: 0}
  m_LocalScale: {x: 1, y: 1, z: 1}
  m_LocalEulerAnglesHint: {x: 0, y: 0, z: 0}
  m_Children:
  - {fileID: 1160664485}
  m_Father: {fileID: 983388685}
  m_RootOrder: 1
  m_AnchorMin: {x: 0.5, y: 0.5}
  m_AnchorMax: {x: 0.5, y: 0.5}
  m_AnchoredPosition: {x: 27.5, y: 665}
  m_SizeDelta: {x: 695, y: 109}
  m_Pivot: {x: 0.5, y: 0.5}
--- !u!114 &1691585871
MonoBehaviour:
  m_ObjectHideFlags: 0
  m_PrefabParentObject: {fileID: 11445852, guid: d9e4d92b8ac02be4abbd660d49dc97dc,
    type: 2}
  m_PrefabInternal: {fileID: 651843323}
  m_GameObject: {fileID: 1691585869}
  m_Enabled: 1
  m_EditorHideFlags: 0
  m_Script: {fileID: 708705254, guid: f5f67c52d1564df4a8936ccd202a3bd8, type: 3}
  m_Name: 
  m_EditorClassIdentifier: 
  m_Material: {fileID: 0}
  m_Color: {r: 0.85490197, g: 0.85490197, b: 0.85490197, a: 1}
  m_RaycastTarget: 1
  m_OnCullStateChanged:
    m_PersistentCalls:
      m_Calls: []
    m_TypeName: UnityEngine.UI.MaskableGraphic+CullStateChangedEvent, UnityEngine.UI,
      Version=1.0.0.0, Culture=neutral, PublicKeyToken=null
  m_FontData:
    m_Font: {fileID: 12800000, guid: 218956a5c2a6e42d6a60afccf80b002b, type: 3}
    m_FontSize: 90
    m_FontStyle: 0
    m_BestFit: 0
    m_MinSize: 10
    m_MaxSize: 90
    m_Alignment: 0
    m_AlignByGeometry: 0
    m_RichText: 1
    m_HorizontalOverflow: 0
    m_VerticalOverflow: 1
    m_LineSpacing: 1
  m_Text: MUSIC PLAYER
--- !u!222 &1691585872
CanvasRenderer:
  m_ObjectHideFlags: 0
  m_PrefabParentObject: {fileID: 22245836, guid: d9e4d92b8ac02be4abbd660d49dc97dc,
    type: 2}
  m_PrefabInternal: {fileID: 651843323}
  m_GameObject: {fileID: 1691585869}
--- !u!1 &1703751743
GameObject:
  m_ObjectHideFlags: 0
  m_PrefabParentObject: {fileID: 145868, guid: d9e4d92b8ac02be4abbd660d49dc97dc, type: 2}
  m_PrefabInternal: {fileID: 651843323}
  serializedVersion: 4
  m_Component:
  - 224: {fileID: 1703751744}
  - 222: {fileID: 1703751747}
  - 114: {fileID: 1703751746}
  - 114: {fileID: 1703751745}
  m_Layer: 5
  m_Name: Button
  m_TagString: Untagged
  m_Icon: {fileID: 0}
  m_NavMeshLayer: 0
  m_StaticEditorFlags: 0
  m_IsActive: 1
--- !u!224 &1703751744
RectTransform:
  m_ObjectHideFlags: 0
  m_PrefabParentObject: {fileID: 22445868, guid: d9e4d92b8ac02be4abbd660d49dc97dc,
    type: 2}
  m_PrefabInternal: {fileID: 651843323}
  m_GameObject: {fileID: 1703751743}
  m_LocalRotation: {x: 0, y: 0, z: 0, w: 1}
  m_LocalPosition: {x: 0, y: 0, z: 0}
  m_LocalScale: {x: 1, y: 1, z: 1}
  m_LocalEulerAnglesHint: {x: 0, y: 0, z: 0}
  m_Children: []
  m_Father: {fileID: 1970249463}
  m_RootOrder: 1
  m_AnchorMin: {x: 0.5, y: 0.5}
  m_AnchorMax: {x: 0.5, y: 0.5}
  m_AnchoredPosition: {x: 238, y: 0}
  m_SizeDelta: {x: 38, y: 38}
  m_Pivot: {x: 0.5, y: 0.5}
--- !u!114 &1703751745
MonoBehaviour:
  m_ObjectHideFlags: 0
  m_PrefabParentObject: {fileID: 11445884, guid: d9e4d92b8ac02be4abbd660d49dc97dc,
    type: 2}
  m_PrefabInternal: {fileID: 651843323}
  m_GameObject: {fileID: 1703751743}
  m_Enabled: 1
  m_EditorHideFlags: 0
  m_Script: {fileID: 1392445389, guid: f5f67c52d1564df4a8936ccd202a3bd8, type: 3}
  m_Name: 
  m_EditorClassIdentifier: 
  m_Navigation:
    m_Mode: 3
    m_SelectOnUp: {fileID: 0}
    m_SelectOnDown: {fileID: 0}
    m_SelectOnLeft: {fileID: 0}
    m_SelectOnRight: {fileID: 0}
  m_Transition: 1
  m_Colors:
    m_NormalColor: {r: 1, g: 1, b: 1, a: 1}
    m_HighlightedColor: {r: 0.9607843, g: 0.9607843, b: 0.9607843, a: 1}
    m_PressedColor: {r: 0.78431374, g: 0.78431374, b: 0.78431374, a: 1}
    m_DisabledColor: {r: 0.78431374, g: 0.78431374, b: 0.78431374, a: 0.5019608}
    m_ColorMultiplier: 1
    m_FadeDuration: 0.1
  m_SpriteState:
    m_HighlightedSprite: {fileID: 0}
    m_PressedSprite: {fileID: 0}
    m_DisabledSprite: {fileID: 0}
  m_AnimationTriggers:
    m_NormalTrigger: Normal
    m_HighlightedTrigger: Highlighted
    m_PressedTrigger: Pressed
    m_DisabledTrigger: Disabled
  m_Interactable: 1
  m_TargetGraphic: {fileID: 1703751746}
  m_OnClick:
    m_PersistentCalls:
      m_Calls: []
    m_TypeName: UnityEngine.UI.Button+ButtonClickedEvent, UnityEngine.UI, Version=1.0.0.0,
      Culture=neutral, PublicKeyToken=null
--- !u!114 &1703751746
MonoBehaviour:
  m_ObjectHideFlags: 0
  m_PrefabParentObject: {fileID: 11445886, guid: d9e4d92b8ac02be4abbd660d49dc97dc,
    type: 2}
  m_PrefabInternal: {fileID: 651843323}
  m_GameObject: {fileID: 1703751743}
  m_Enabled: 1
  m_EditorHideFlags: 0
  m_Script: {fileID: -765806418, guid: f5f67c52d1564df4a8936ccd202a3bd8, type: 3}
  m_Name: 
  m_EditorClassIdentifier: 
  m_Material: {fileID: 0}
  m_Color: {r: 1, g: 1, b: 1, a: 1}
  m_RaycastTarget: 1
  m_OnCullStateChanged:
    m_PersistentCalls:
      m_Calls: []
    m_TypeName: UnityEngine.UI.MaskableGraphic+CullStateChangedEvent, UnityEngine.UI,
      Version=1.0.0.0, Culture=neutral, PublicKeyToken=null
  m_Sprite: {fileID: 21300000, guid: 037c7830ce0d1416f8365d122be99c8c, type: 3}
  m_Type: 0
  m_PreserveAspect: 0
  m_FillCenter: 1
  m_FillMethod: 4
  m_FillAmount: 1
  m_FillClockwise: 1
  m_FillOrigin: 0
--- !u!222 &1703751747
CanvasRenderer:
  m_ObjectHideFlags: 0
  m_PrefabParentObject: {fileID: 22245862, guid: d9e4d92b8ac02be4abbd660d49dc97dc,
    type: 2}
  m_PrefabInternal: {fileID: 651843323}
  m_GameObject: {fileID: 1703751743}
--- !u!1 &1789929074
GameObject:
  m_ObjectHideFlags: 0
  m_PrefabParentObject: {fileID: 145816, guid: d9e4d92b8ac02be4abbd660d49dc97dc, type: 2}
  m_PrefabInternal: {fileID: 651843323}
  serializedVersion: 4
  m_Component:
  - 224: {fileID: 1789929075}
  - 222: {fileID: 1789929078}
  - 114: {fileID: 1789929077}
  - 114: {fileID: 1789929076}
  m_Layer: 5
  m_Name: Button
  m_TagString: Untagged
  m_Icon: {fileID: 0}
  m_NavMeshLayer: 0
  m_StaticEditorFlags: 0
  m_IsActive: 1
--- !u!224 &1789929075
RectTransform:
  m_ObjectHideFlags: 0
  m_PrefabParentObject: {fileID: 22445816, guid: d9e4d92b8ac02be4abbd660d49dc97dc,
    type: 2}
  m_PrefabInternal: {fileID: 651843323}
  m_GameObject: {fileID: 1789929074}
  m_LocalRotation: {x: 0, y: 0, z: 0, w: 1}
  m_LocalPosition: {x: 0, y: 0, z: 0}
  m_LocalScale: {x: 0.8, y: 0.8, z: 1}
  m_LocalEulerAnglesHint: {x: 0, y: 0, z: 0}
  m_Children: []
  m_Father: {fileID: 1520800998}
  m_RootOrder: 3
  m_AnchorMin: {x: 0.5, y: 0.5}
  m_AnchorMax: {x: 0.5, y: 0.5}
  m_AnchoredPosition: {x: 0.000005722046, y: -507.2}
  m_SizeDelta: {x: 47, y: 46}
  m_Pivot: {x: 0.5, y: 0.5}
--- !u!114 &1789929076
MonoBehaviour:
  m_ObjectHideFlags: 0
  m_PrefabParentObject: {fileID: 11445814, guid: d9e4d92b8ac02be4abbd660d49dc97dc,
    type: 2}
  m_PrefabInternal: {fileID: 651843323}
  m_GameObject: {fileID: 1789929074}
  m_Enabled: 1
  m_EditorHideFlags: 0
  m_Script: {fileID: 1392445389, guid: f5f67c52d1564df4a8936ccd202a3bd8, type: 3}
  m_Name: 
  m_EditorClassIdentifier: 
  m_Navigation:
    m_Mode: 3
    m_SelectOnUp: {fileID: 0}
    m_SelectOnDown: {fileID: 0}
    m_SelectOnLeft: {fileID: 0}
    m_SelectOnRight: {fileID: 0}
  m_Transition: 1
  m_Colors:
    m_NormalColor: {r: 1, g: 1, b: 1, a: 1}
    m_HighlightedColor: {r: 0.9607843, g: 0.9607843, b: 0.9607843, a: 1}
    m_PressedColor: {r: 0.78431374, g: 0.78431374, b: 0.78431374, a: 1}
    m_DisabledColor: {r: 0.78431374, g: 0.78431374, b: 0.78431374, a: 0.5019608}
    m_ColorMultiplier: 1
    m_FadeDuration: 0.1
  m_SpriteState:
    m_HighlightedSprite: {fileID: 0}
    m_PressedSprite: {fileID: 0}
    m_DisabledSprite: {fileID: 0}
  m_AnimationTriggers:
    m_NormalTrigger: Normal
    m_HighlightedTrigger: Highlighted
    m_PressedTrigger: Pressed
    m_DisabledTrigger: Disabled
  m_Interactable: 1
  m_TargetGraphic: {fileID: 1789929077}
  m_OnClick:
    m_PersistentCalls:
      m_Calls: []
    m_TypeName: UnityEngine.UI.Button+ButtonClickedEvent, UnityEngine.UI, Version=1.0.0.0,
      Culture=neutral, PublicKeyToken=null
--- !u!114 &1789929077
MonoBehaviour:
  m_ObjectHideFlags: 0
  m_PrefabParentObject: {fileID: 11445816, guid: d9e4d92b8ac02be4abbd660d49dc97dc,
    type: 2}
  m_PrefabInternal: {fileID: 651843323}
  m_GameObject: {fileID: 1789929074}
  m_Enabled: 1
  m_EditorHideFlags: 0
  m_Script: {fileID: -765806418, guid: f5f67c52d1564df4a8936ccd202a3bd8, type: 3}
  m_Name: 
  m_EditorClassIdentifier: 
  m_Material: {fileID: 0}
  m_Color: {r: 1, g: 1, b: 1, a: 1}
  m_RaycastTarget: 1
  m_OnCullStateChanged:
    m_PersistentCalls:
      m_Calls: []
    m_TypeName: UnityEngine.UI.MaskableGraphic+CullStateChangedEvent, UnityEngine.UI,
      Version=1.0.0.0, Culture=neutral, PublicKeyToken=null
  m_Sprite: {fileID: 21300000, guid: a4995c9db5f2147b0ae3f2f0465c7e9c, type: 3}
  m_Type: 0
  m_PreserveAspect: 0
  m_FillCenter: 1
  m_FillMethod: 4
  m_FillAmount: 1
  m_FillClockwise: 1
  m_FillOrigin: 0
--- !u!222 &1789929078
CanvasRenderer:
  m_ObjectHideFlags: 0
  m_PrefabParentObject: {fileID: 22245814, guid: d9e4d92b8ac02be4abbd660d49dc97dc,
    type: 2}
  m_PrefabInternal: {fileID: 651843323}
  m_GameObject: {fileID: 1789929074}
--- !u!1 &1882342647
GameObject:
  m_ObjectHideFlags: 0
  m_PrefabParentObject: {fileID: 145850, guid: d9e4d92b8ac02be4abbd660d49dc97dc, type: 2}
  m_PrefabInternal: {fileID: 651843323}
  serializedVersion: 4
  m_Component:
  - 224: {fileID: 1882342648}
  - 222: {fileID: 1882342650}
  - 114: {fileID: 1882342649}
  m_Layer: 5
  m_Name: Image
  m_TagString: Untagged
  m_Icon: {fileID: 0}
  m_NavMeshLayer: 0
  m_StaticEditorFlags: 0
  m_IsActive: 1
--- !u!224 &1882342648
RectTransform:
  m_ObjectHideFlags: 0
  m_PrefabParentObject: {fileID: 22445850, guid: d9e4d92b8ac02be4abbd660d49dc97dc,
    type: 2}
  m_PrefabInternal: {fileID: 651843323}
  m_GameObject: {fileID: 1882342647}
  m_LocalRotation: {x: 0, y: 0, z: 0, w: 1}
  m_LocalPosition: {x: 0, y: 0, z: 0}
  m_LocalScale: {x: 1, y: 1, z: 1}
  m_LocalEulerAnglesHint: {x: 0, y: 0, z: 0}
  m_Children: []
  m_Father: {fileID: 1061681257}
  m_RootOrder: 1
  m_AnchorMin: {x: 0.5, y: 0.5}
  m_AnchorMax: {x: 0.5, y: 0.5}
  m_AnchoredPosition: {x: 0, y: 0}
  m_SizeDelta: {x: 342.5, y: 342.5}
  m_Pivot: {x: 0.5, y: 0.5}
--- !u!114 &1882342649
MonoBehaviour:
  m_ObjectHideFlags: 0
  m_PrefabParentObject: {fileID: 11445862, guid: d9e4d92b8ac02be4abbd660d49dc97dc,
    type: 2}
  m_PrefabInternal: {fileID: 651843323}
  m_GameObject: {fileID: 1882342647}
  m_Enabled: 1
  m_EditorHideFlags: 0
  m_Script: {fileID: -765806418, guid: f5f67c52d1564df4a8936ccd202a3bd8, type: 3}
  m_Name: 
  m_EditorClassIdentifier: 
  m_Material: {fileID: 0}
  m_Color: {r: 1, g: 1, b: 1, a: 0.05882353}
  m_RaycastTarget: 1
  m_OnCullStateChanged:
    m_PersistentCalls:
      m_Calls: []
    m_TypeName: UnityEngine.UI.MaskableGraphic+CullStateChangedEvent, UnityEngine.UI,
      Version=1.0.0.0, Culture=neutral, PublicKeyToken=null
  m_Sprite: {fileID: 21300000, guid: c4f365291f5513c4f90ea007ba10a8bd, type: 3}
  m_Type: 1
  m_PreserveAspect: 0
  m_FillCenter: 1
  m_FillMethod: 4
  m_FillAmount: 1
  m_FillClockwise: 1
  m_FillOrigin: 0
--- !u!222 &1882342650
CanvasRenderer:
  m_ObjectHideFlags: 0
  m_PrefabParentObject: {fileID: 22245844, guid: d9e4d92b8ac02be4abbd660d49dc97dc,
    type: 2}
  m_PrefabInternal: {fileID: 651843323}
  m_GameObject: {fileID: 1882342647}
--- !u!1 &1889190837
GameObject:
  m_ObjectHideFlags: 0
  m_PrefabParentObject: {fileID: 145862, guid: d9e4d92b8ac02be4abbd660d49dc97dc, type: 2}
  m_PrefabInternal: {fileID: 651843323}
  serializedVersion: 4
  m_Component:
  - 224: {fileID: 1889190838}
  - 222: {fileID: 1889190840}
  - 114: {fileID: 1889190839}
  m_Layer: 5
  m_Name: Text
  m_TagString: Untagged
  m_Icon: {fileID: 0}
  m_NavMeshLayer: 0
  m_StaticEditorFlags: 0
  m_IsActive: 1
--- !u!224 &1889190838
RectTransform:
  m_ObjectHideFlags: 0
  m_PrefabParentObject: {fileID: 22445862, guid: d9e4d92b8ac02be4abbd660d49dc97dc,
    type: 2}
  m_PrefabInternal: {fileID: 651843323}
  m_GameObject: {fileID: 1889190837}
  m_LocalRotation: {x: 0, y: 0, z: 0, w: 1}
  m_LocalPosition: {x: 0, y: 0, z: 0}
  m_LocalScale: {x: 1, y: 1, z: 1}
  m_LocalEulerAnglesHint: {x: 0, y: 0, z: 0}
  m_Children: []
  m_Father: {fileID: 1520800998}
  m_RootOrder: 7
  m_AnchorMin: {x: 0.5, y: 0.5}
  m_AnchorMax: {x: 0.5, y: 0.5}
  m_AnchoredPosition: {x: 0, y: -59}
  m_SizeDelta: {x: 175, y: 60.15}
  m_Pivot: {x: 0.5, y: 0.5}
--- !u!114 &1889190839
MonoBehaviour:
  m_ObjectHideFlags: 0
  m_PrefabParentObject: {fileID: 11445876, guid: d9e4d92b8ac02be4abbd660d49dc97dc,
    type: 2}
  m_PrefabInternal: {fileID: 651843323}
  m_GameObject: {fileID: 1889190837}
  m_Enabled: 1
  m_EditorHideFlags: 0
  m_Script: {fileID: 708705254, guid: f5f67c52d1564df4a8936ccd202a3bd8, type: 3}
  m_Name: 
  m_EditorClassIdentifier: 
  m_Material: {fileID: 0}
  m_Color: {r: 1, g: 1, b: 1, a: 1}
  m_RaycastTarget: 1
  m_OnCullStateChanged:
    m_PersistentCalls:
      m_Calls: []
    m_TypeName: UnityEngine.UI.MaskableGraphic+CullStateChangedEvent, UnityEngine.UI,
      Version=1.0.0.0, Culture=neutral, PublicKeyToken=null
  m_FontData:
    m_Font: {fileID: 12800000, guid: bd1ea67ca2b5742d1a24fcbdc17c55e1, type: 3}
    m_FontSize: 20
    m_FontStyle: 0
    m_BestFit: 0
    m_MinSize: 10
    m_MaxSize: 40
    m_Alignment: 4
    m_AlignByGeometry: 0
    m_RichText: 1
    m_HorizontalOverflow: 0
    m_VerticalOverflow: 0
    m_LineSpacing: 1
  m_Text: Ginger Runner
--- !u!222 &1889190840
CanvasRenderer:
  m_ObjectHideFlags: 0
  m_PrefabParentObject: {fileID: 22245856, guid: d9e4d92b8ac02be4abbd660d49dc97dc,
    type: 2}
  m_PrefabInternal: {fileID: 651843323}
  m_GameObject: {fileID: 1889190837}
--- !u!1 &1926830319
GameObject:
  m_ObjectHideFlags: 0
  m_PrefabParentObject: {fileID: 145828, guid: d9e4d92b8ac02be4abbd660d49dc97dc, type: 2}
  m_PrefabInternal: {fileID: 651843323}
  serializedVersion: 4
  m_Component:
  - 224: {fileID: 1926830320}
  - 222: {fileID: 1926830322}
  - 114: {fileID: 1926830321}
  m_Layer: 5
  m_Name: Text
  m_TagString: Untagged
  m_Icon: {fileID: 0}
  m_NavMeshLayer: 0
  m_StaticEditorFlags: 0
  m_IsActive: 1
--- !u!224 &1926830320
RectTransform:
  m_ObjectHideFlags: 0
  m_PrefabParentObject: {fileID: 22445828, guid: d9e4d92b8ac02be4abbd660d49dc97dc,
    type: 2}
  m_PrefabInternal: {fileID: 651843323}
  m_GameObject: {fileID: 1926830319}
  m_LocalRotation: {x: 0, y: 0, z: 0, w: 1}
  m_LocalPosition: {x: 0, y: 0, z: 0}
  m_LocalScale: {x: 1, y: 1, z: 1}
  m_LocalEulerAnglesHint: {x: 0, y: 0, z: 0}
  m_Children: []
  m_Father: {fileID: 1520800998}
  m_RootOrder: 8
  m_AnchorMin: {x: 0.5, y: 0.5}
  m_AnchorMax: {x: 0.5, y: 0.5}
  m_AnchoredPosition: {x: 0, y: -116}
  m_SizeDelta: {x: 201.5, y: 55.5}
  m_Pivot: {x: 0.5, y: 0.5}
--- !u!114 &1926830321
MonoBehaviour:
  m_ObjectHideFlags: 0
  m_PrefabParentObject: {fileID: 11445834, guid: d9e4d92b8ac02be4abbd660d49dc97dc,
    type: 2}
  m_PrefabInternal: {fileID: 651843323}
  m_GameObject: {fileID: 1926830319}
  m_Enabled: 1
  m_EditorHideFlags: 0
  m_Script: {fileID: 708705254, guid: f5f67c52d1564df4a8936ccd202a3bd8, type: 3}
  m_Name: 
  m_EditorClassIdentifier: 
  m_Material: {fileID: 0}
  m_Color: {r: 1, g: 1, b: 1, a: 0.5176471}
  m_RaycastTarget: 1
  m_OnCullStateChanged:
    m_PersistentCalls:
      m_Calls: []
    m_TypeName: UnityEngine.UI.MaskableGraphic+CullStateChangedEvent, UnityEngine.UI,
      Version=1.0.0.0, Culture=neutral, PublicKeyToken=null
  m_FontData:
    m_Font: {fileID: 12800000, guid: bd1ea67ca2b5742d1a24fcbdc17c55e1, type: 3}
    m_FontSize: 20
    m_FontStyle: 0
    m_BestFit: 0
    m_MinSize: 10
    m_MaxSize: 40
    m_Alignment: 4
    m_AlignByGeometry: 0
    m_RichText: 1
    m_HorizontalOverflow: 0
    m_VerticalOverflow: 0
    m_LineSpacing: 1
  m_Text: "\rGrinds"
--- !u!222 &1926830322
CanvasRenderer:
  m_ObjectHideFlags: 0
  m_PrefabParentObject: {fileID: 22245826, guid: d9e4d92b8ac02be4abbd660d49dc97dc,
    type: 2}
  m_PrefabInternal: {fileID: 651843323}
  m_GameObject: {fileID: 1926830319}
--- !u!1 &1938260597
GameObject:
  m_ObjectHideFlags: 0
  m_PrefabParentObject: {fileID: 145822, guid: d9e4d92b8ac02be4abbd660d49dc97dc, type: 2}
  m_PrefabInternal: {fileID: 651843323}
  serializedVersion: 4
  m_Component:
  - 224: {fileID: 1938260598}
  - 222: {fileID: 1938260601}
  - 114: {fileID: 1938260600}
  - 114: {fileID: 1938260599}
  m_Layer: 5
  m_Name: Button
  m_TagString: Untagged
  m_Icon: {fileID: 0}
  m_NavMeshLayer: 0
  m_StaticEditorFlags: 0
  m_IsActive: 1
--- !u!224 &1938260598
RectTransform:
  m_ObjectHideFlags: 0
  m_PrefabParentObject: {fileID: 22445822, guid: d9e4d92b8ac02be4abbd660d49dc97dc,
    type: 2}
  m_PrefabInternal: {fileID: 651843323}
  m_GameObject: {fileID: 1938260597}
  m_LocalRotation: {x: 0, y: 0, z: 0, w: 1}
  m_LocalPosition: {x: 0, y: 0, z: 0}
  m_LocalScale: {x: 1, y: 1, z: 1}
  m_LocalEulerAnglesHint: {x: 0, y: 0, z: 0}
  m_Children: []
  m_Father: {fileID: 1520800998}
  m_RootOrder: 1
  m_AnchorMin: {x: 0.5, y: 0.5}
  m_AnchorMax: {x: 0.5, y: 0.5}
  m_AnchoredPosition: {x: 115, y: -240.3}
  m_SizeDelta: {x: 49, y: 30}
  m_Pivot: {x: 0.5, y: 0.5}
--- !u!114 &1938260599
MonoBehaviour:
  m_ObjectHideFlags: 0
  m_PrefabParentObject: {fileID: 11445826, guid: d9e4d92b8ac02be4abbd660d49dc97dc,
    type: 2}
  m_PrefabInternal: {fileID: 651843323}
  m_GameObject: {fileID: 1938260597}
  m_Enabled: 1
  m_EditorHideFlags: 0
  m_Script: {fileID: 1392445389, guid: f5f67c52d1564df4a8936ccd202a3bd8, type: 3}
  m_Name: 
  m_EditorClassIdentifier: 
  m_Navigation:
    m_Mode: 3
    m_SelectOnUp: {fileID: 0}
    m_SelectOnDown: {fileID: 0}
    m_SelectOnLeft: {fileID: 0}
    m_SelectOnRight: {fileID: 0}
  m_Transition: 1
  m_Colors:
    m_NormalColor: {r: 1, g: 1, b: 1, a: 1}
    m_HighlightedColor: {r: 0.9607843, g: 0.9607843, b: 0.9607843, a: 1}
    m_PressedColor: {r: 0.78431374, g: 0.78431374, b: 0.78431374, a: 1}
    m_DisabledColor: {r: 0.78431374, g: 0.78431374, b: 0.78431374, a: 0.5019608}
    m_ColorMultiplier: 1
    m_FadeDuration: 0.1
  m_SpriteState:
    m_HighlightedSprite: {fileID: 0}
    m_PressedSprite: {fileID: 0}
    m_DisabledSprite: {fileID: 0}
  m_AnimationTriggers:
    m_NormalTrigger: Normal
    m_HighlightedTrigger: Highlighted
    m_PressedTrigger: Pressed
    m_DisabledTrigger: Disabled
  m_Interactable: 1
  m_TargetGraphic: {fileID: 1938260600}
  m_OnClick:
    m_PersistentCalls:
      m_Calls: []
    m_TypeName: UnityEngine.UI.Button+ButtonClickedEvent, UnityEngine.UI, Version=1.0.0.0,
      Culture=neutral, PublicKeyToken=null
--- !u!114 &1938260600
MonoBehaviour:
  m_ObjectHideFlags: 0
  m_PrefabParentObject: {fileID: 11445828, guid: d9e4d92b8ac02be4abbd660d49dc97dc,
    type: 2}
  m_PrefabInternal: {fileID: 651843323}
  m_GameObject: {fileID: 1938260597}
  m_Enabled: 1
  m_EditorHideFlags: 0
  m_Script: {fileID: -765806418, guid: f5f67c52d1564df4a8936ccd202a3bd8, type: 3}
  m_Name: 
  m_EditorClassIdentifier: 
  m_Material: {fileID: 0}
  m_Color: {r: 1, g: 1, b: 1, a: 1}
  m_RaycastTarget: 1
  m_OnCullStateChanged:
    m_PersistentCalls:
      m_Calls: []
    m_TypeName: UnityEngine.UI.MaskableGraphic+CullStateChangedEvent, UnityEngine.UI,
      Version=1.0.0.0, Culture=neutral, PublicKeyToken=null
  m_Sprite: {fileID: 21300000, guid: 8d3e2c3d8e35f45a799d6dfec6e953a2, type: 3}
  m_Type: 0
  m_PreserveAspect: 0
  m_FillCenter: 1
  m_FillMethod: 4
  m_FillAmount: 1
  m_FillClockwise: 1
  m_FillOrigin: 0
--- !u!222 &1938260601
CanvasRenderer:
  m_ObjectHideFlags: 0
  m_PrefabParentObject: {fileID: 22245820, guid: d9e4d92b8ac02be4abbd660d49dc97dc,
    type: 2}
  m_PrefabInternal: {fileID: 651843323}
  m_GameObject: {fileID: 1938260597}
--- !u!1 &1970249462
GameObject:
  m_ObjectHideFlags: 0
  m_PrefabParentObject: {fileID: 145848, guid: d9e4d92b8ac02be4abbd660d49dc97dc, type: 2}
  m_PrefabInternal: {fileID: 651843323}
  serializedVersion: 4
  m_Component:
  - 224: {fileID: 1970249463}
  - 222: {fileID: 1970249465}
  - 114: {fileID: 1970249464}
  m_Layer: 5
  m_Name: TopBar
  m_TagString: Untagged
  m_Icon: {fileID: 0}
  m_NavMeshLayer: 0
  m_StaticEditorFlags: 0
  m_IsActive: 1
--- !u!224 &1970249463
RectTransform:
  m_ObjectHideFlags: 0
  m_PrefabParentObject: {fileID: 22445848, guid: d9e4d92b8ac02be4abbd660d49dc97dc,
    type: 2}
  m_PrefabInternal: {fileID: 651843323}
  m_GameObject: {fileID: 1970249462}
  m_LocalRotation: {x: 0, y: 0, z: 0, w: 1}
  m_LocalPosition: {x: 0, y: 0, z: 0}
  m_LocalScale: {x: 1, y: 1, z: 1}
  m_LocalEulerAnglesHint: {x: 0, y: 0, z: 0}
  m_Children:
  - {fileID: 125490566}
  - {fileID: 1703751744}
  m_Father: {fileID: 1520800998}
  m_RootOrder: 10
  m_AnchorMin: {x: 0.5, y: 0.5}
  m_AnchorMax: {x: 0.5, y: 0.5}
  m_AnchoredPosition: {x: 0, y: 500}
  m_SizeDelta: {x: 228.1, y: 67.1}
  m_Pivot: {x: 0.5, y: 0.5}
--- !u!114 &1970249464
MonoBehaviour:
  m_ObjectHideFlags: 0
  m_PrefabParentObject: {fileID: 11445860, guid: d9e4d92b8ac02be4abbd660d49dc97dc,
    type: 2}
  m_PrefabInternal: {fileID: 651843323}
  m_GameObject: {fileID: 1970249462}
  m_Enabled: 1
  m_EditorHideFlags: 0
  m_Script: {fileID: 708705254, guid: f5f67c52d1564df4a8936ccd202a3bd8, type: 3}
  m_Name: 
  m_EditorClassIdentifier: 
  m_Material: {fileID: 0}
  m_Color: {r: 1, g: 1, b: 1, a: 1}
  m_RaycastTarget: 1
  m_OnCullStateChanged:
    m_PersistentCalls:
      m_Calls: []
    m_TypeName: UnityEngine.UI.MaskableGraphic+CullStateChangedEvent, UnityEngine.UI,
      Version=1.0.0.0, Culture=neutral, PublicKeyToken=null
  m_FontData:
    m_Font: {fileID: 12800000, guid: bd1ea67ca2b5742d1a24fcbdc17c55e1, type: 3}
    m_FontSize: 30
    m_FontStyle: 0
    m_BestFit: 0
    m_MinSize: 10
    m_MaxSize: 40
    m_Alignment: 4
    m_AlignByGeometry: 0
    m_RichText: 1
    m_HorizontalOverflow: 0
    m_VerticalOverflow: 0
    m_LineSpacing: 1
  m_Text: Now Playing
--- !u!222 &1970249465
CanvasRenderer:
  m_ObjectHideFlags: 0
  m_PrefabParentObject: {fileID: 22245842, guid: d9e4d92b8ac02be4abbd660d49dc97dc,
    type: 2}
  m_PrefabInternal: {fileID: 651843323}
  m_GameObject: {fileID: 1970249462}
--- !u!1 &1978379403
GameObject:
  m_ObjectHideFlags: 0
  m_PrefabParentObject: {fileID: 145824, guid: d9e4d92b8ac02be4abbd660d49dc97dc, type: 2}
  m_PrefabInternal: {fileID: 651843323}
  serializedVersion: 4
  m_Component:
  - 224: {fileID: 1978379404}
  - 222: {fileID: 1978379406}
  - 114: {fileID: 1978379405}
  m_Layer: 5
  m_Name: Text
  m_TagString: Untagged
  m_Icon: {fileID: 0}
  m_NavMeshLayer: 0
  m_StaticEditorFlags: 0
  m_IsActive: 1
--- !u!224 &1978379404
RectTransform:
  m_ObjectHideFlags: 0
  m_PrefabParentObject: {fileID: 22445824, guid: d9e4d92b8ac02be4abbd660d49dc97dc,
    type: 2}
  m_PrefabInternal: {fileID: 651843323}
  m_GameObject: {fileID: 1978379403}
  m_LocalRotation: {x: 0, y: 0, z: 0, w: 1}
  m_LocalPosition: {x: 0, y: 0, z: 0}
  m_LocalScale: {x: 1, y: 1, z: 1}
  m_LocalEulerAnglesHint: {x: 0, y: 0, z: 0}
  m_Children: []
  m_Father: {fileID: 791552286}
  m_RootOrder: 4
  m_AnchorMin: {x: 0.5, y: 0.5}
  m_AnchorMax: {x: 0.5, y: 0.5}
  m_AnchoredPosition: {x: 172.4, y: -39.5}
  m_SizeDelta: {x: 41, y: 27}
  m_Pivot: {x: 0.5, y: 0.5}
--- !u!114 &1978379405
MonoBehaviour:
  m_ObjectHideFlags: 0
  m_PrefabParentObject: {fileID: 11445830, guid: d9e4d92b8ac02be4abbd660d49dc97dc,
    type: 2}
  m_PrefabInternal: {fileID: 651843323}
  m_GameObject: {fileID: 1978379403}
  m_Enabled: 1
  m_EditorHideFlags: 0
  m_Script: {fileID: 708705254, guid: f5f67c52d1564df4a8936ccd202a3bd8, type: 3}
  m_Name: 
  m_EditorClassIdentifier: 
  m_Material: {fileID: 0}
  m_Color: {r: 1, g: 1, b: 1, a: 1}
  m_RaycastTarget: 1
  m_OnCullStateChanged:
    m_PersistentCalls:
      m_Calls: []
    m_TypeName: UnityEngine.UI.MaskableGraphic+CullStateChangedEvent, UnityEngine.UI,
      Version=1.0.0.0, Culture=neutral, PublicKeyToken=null
  m_FontData:
    m_Font: {fileID: 12800000, guid: bd1ea67ca2b5742d1a24fcbdc17c55e1, type: 3}
    m_FontSize: 15
    m_FontStyle: 0
    m_BestFit: 0
    m_MinSize: 10
    m_MaxSize: 40
    m_Alignment: 2
    m_AlignByGeometry: 0
    m_RichText: 1
    m_HorizontalOverflow: 0
    m_VerticalOverflow: 0
    m_LineSpacing: 1
  m_Text: -0:28
--- !u!222 &1978379406
CanvasRenderer:
  m_ObjectHideFlags: 0
  m_PrefabParentObject: {fileID: 22245822, guid: d9e4d92b8ac02be4abbd660d49dc97dc,
    type: 2}
  m_PrefabInternal: {fileID: 651843323}
  m_GameObject: {fileID: 1978379403}
--- !u!1 &1983226743
GameObject:
  m_ObjectHideFlags: 0
  m_PrefabParentObject: {fileID: 145834, guid: d9e4d92b8ac02be4abbd660d49dc97dc, type: 2}
  m_PrefabInternal: {fileID: 651843323}
  serializedVersion: 4
  m_Component:
  - 224: {fileID: 1983226744}
  - 222: {fileID: 1983226747}
  - 114: {fileID: 1983226746}
  - 114: {fileID: 1983226745}
  m_Layer: 5
  m_Name: Button
  m_TagString: Untagged
  m_Icon: {fileID: 0}
  m_NavMeshLayer: 0
  m_StaticEditorFlags: 0
  m_IsActive: 1
--- !u!224 &1983226744
RectTransform:
  m_ObjectHideFlags: 0
  m_PrefabParentObject: {fileID: 22445834, guid: d9e4d92b8ac02be4abbd660d49dc97dc,
    type: 2}
  m_PrefabInternal: {fileID: 651843323}
  m_GameObject: {fileID: 1983226743}
  m_LocalRotation: {x: 0, y: 0, z: 0, w: 1}
  m_LocalPosition: {x: 0, y: 0, z: 0}
  m_LocalScale: {x: 0.8, y: 0.8, z: 1}
  m_LocalEulerAnglesHint: {x: 0, y: 0, z: 0}
  m_Children: []
  m_Father: {fileID: 1520800998}
  m_RootOrder: 5
  m_AnchorMin: {x: 0.5, y: 0.5}
  m_AnchorMax: {x: 0.5, y: 0.5}
  m_AnchoredPosition: {x: 220, y: -507.2}
  m_SizeDelta: {x: 47, y: 40}
  m_Pivot: {x: 0.5, y: 0.5}
--- !u!114 &1983226745
MonoBehaviour:
  m_ObjectHideFlags: 0
  m_PrefabParentObject: {fileID: 11445840, guid: d9e4d92b8ac02be4abbd660d49dc97dc,
    type: 2}
  m_PrefabInternal: {fileID: 651843323}
  m_GameObject: {fileID: 1983226743}
  m_Enabled: 1
  m_EditorHideFlags: 0
  m_Script: {fileID: 1392445389, guid: f5f67c52d1564df4a8936ccd202a3bd8, type: 3}
  m_Name: 
  m_EditorClassIdentifier: 
  m_Navigation:
    m_Mode: 3
    m_SelectOnUp: {fileID: 0}
    m_SelectOnDown: {fileID: 0}
    m_SelectOnLeft: {fileID: 0}
    m_SelectOnRight: {fileID: 0}
  m_Transition: 1
  m_Colors:
    m_NormalColor: {r: 1, g: 1, b: 1, a: 1}
    m_HighlightedColor: {r: 0.9607843, g: 0.9607843, b: 0.9607843, a: 1}
    m_PressedColor: {r: 0.78431374, g: 0.78431374, b: 0.78431374, a: 1}
    m_DisabledColor: {r: 0.78431374, g: 0.78431374, b: 0.78431374, a: 0.5019608}
    m_ColorMultiplier: 1
    m_FadeDuration: 0.1
  m_SpriteState:
    m_HighlightedSprite: {fileID: 0}
    m_PressedSprite: {fileID: 0}
    m_DisabledSprite: {fileID: 0}
  m_AnimationTriggers:
    m_NormalTrigger: Normal
    m_HighlightedTrigger: Highlighted
    m_PressedTrigger: Pressed
    m_DisabledTrigger: Disabled
  m_Interactable: 1
  m_TargetGraphic: {fileID: 1983226746}
  m_OnClick:
    m_PersistentCalls:
      m_Calls: []
    m_TypeName: UnityEngine.UI.Button+ButtonClickedEvent, UnityEngine.UI, Version=1.0.0.0,
      Culture=neutral, PublicKeyToken=null
--- !u!114 &1983226746
MonoBehaviour:
  m_ObjectHideFlags: 0
  m_PrefabParentObject: {fileID: 11445842, guid: d9e4d92b8ac02be4abbd660d49dc97dc,
    type: 2}
  m_PrefabInternal: {fileID: 651843323}
  m_GameObject: {fileID: 1983226743}
  m_Enabled: 1
  m_EditorHideFlags: 0
  m_Script: {fileID: -765806418, guid: f5f67c52d1564df4a8936ccd202a3bd8, type: 3}
  m_Name: 
  m_EditorClassIdentifier: 
  m_Material: {fileID: 0}
  m_Color: {r: 1, g: 1, b: 1, a: 1}
  m_RaycastTarget: 1
  m_OnCullStateChanged:
    m_PersistentCalls:
      m_Calls: []
    m_TypeName: UnityEngine.UI.MaskableGraphic+CullStateChangedEvent, UnityEngine.UI,
      Version=1.0.0.0, Culture=neutral, PublicKeyToken=null
  m_Sprite: {fileID: 21300000, guid: 8fa6c013eb48a4ee1a581ae0c6921a3a, type: 3}
  m_Type: 0
  m_PreserveAspect: 0
  m_FillCenter: 1
  m_FillMethod: 4
  m_FillAmount: 1
  m_FillClockwise: 1
  m_FillOrigin: 0
--- !u!222 &1983226747
CanvasRenderer:
  m_ObjectHideFlags: 0
  m_PrefabParentObject: {fileID: 22245830, guid: d9e4d92b8ac02be4abbd660d49dc97dc,
    type: 2}
  m_PrefabInternal: {fileID: 651843323}
  m_GameObject: {fileID: 1983226743}
--- !u!1 &2045470401
GameObject:
  m_ObjectHideFlags: 0
  m_PrefabParentObject: {fileID: 145856, guid: d9e4d92b8ac02be4abbd660d49dc97dc, type: 2}
  m_PrefabInternal: {fileID: 651843323}
  serializedVersion: 4
  m_Component:
  - 224: {fileID: 2045470402}
  - 222: {fileID: 2045470404}
  - 114: {fileID: 2045470403}
  m_Layer: 5
  m_Name: Text
  m_TagString: Untagged
  m_Icon: {fileID: 0}
  m_NavMeshLayer: 0
  m_StaticEditorFlags: 0
  m_IsActive: 1
--- !u!224 &2045470402
RectTransform:
  m_ObjectHideFlags: 0
  m_PrefabParentObject: {fileID: 22445856, guid: d9e4d92b8ac02be4abbd660d49dc97dc,
    type: 2}
  m_PrefabInternal: {fileID: 651843323}
  m_GameObject: {fileID: 2045470401}
  m_LocalRotation: {x: 0, y: 0, z: 0, w: 1}
  m_LocalPosition: {x: 0, y: 0, z: 0}
  m_LocalScale: {x: 1, y: 1, z: 1}
  m_LocalEulerAnglesHint: {x: 0, y: 0, z: 0}
  m_Children: []
  m_Father: {fileID: 791552286}
  m_RootOrder: 3
  m_AnchorMin: {x: 0.5, y: 0.5}
  m_AnchorMax: {x: 0.5, y: 0.5}
  m_AnchoredPosition: {x: -182.65, y: -39.5}
  m_SizeDelta: {x: 41, y: 27}
  m_Pivot: {x: 0.5, y: 0.5}
--- !u!114 &2045470403
MonoBehaviour:
  m_ObjectHideFlags: 0
  m_PrefabParentObject: {fileID: 11445870, guid: d9e4d92b8ac02be4abbd660d49dc97dc,
    type: 2}
  m_PrefabInternal: {fileID: 651843323}
  m_GameObject: {fileID: 2045470401}
  m_Enabled: 1
  m_EditorHideFlags: 0
  m_Script: {fileID: 708705254, guid: f5f67c52d1564df4a8936ccd202a3bd8, type: 3}
  m_Name: 
  m_EditorClassIdentifier: 
  m_Material: {fileID: 0}
  m_Color: {r: 1, g: 1, b: 1, a: 1}
  m_RaycastTarget: 1
  m_OnCullStateChanged:
    m_PersistentCalls:
      m_Calls: []
    m_TypeName: UnityEngine.UI.MaskableGraphic+CullStateChangedEvent, UnityEngine.UI,
      Version=1.0.0.0, Culture=neutral, PublicKeyToken=null
  m_FontData:
    m_Font: {fileID: 12800000, guid: bd1ea67ca2b5742d1a24fcbdc17c55e1, type: 3}
    m_FontSize: 15
    m_FontStyle: 0
    m_BestFit: 0
    m_MinSize: 10
    m_MaxSize: 40
    m_Alignment: 0
    m_AlignByGeometry: 0
    m_RichText: 1
    m_HorizontalOverflow: 0
    m_VerticalOverflow: 0
    m_LineSpacing: 1
  m_Text: 1:23
--- !u!222 &2045470404
CanvasRenderer:
  m_ObjectHideFlags: 0
  m_PrefabParentObject: {fileID: 22245850, guid: d9e4d92b8ac02be4abbd660d49dc97dc,
    type: 2}
  m_PrefabInternal: {fileID: 651843323}
  m_GameObject: {fileID: 2045470401}
