%YAML 1.1
%TAG !u! tag:unity3d.com,2011:
--- !u!29 &1
SceneSettings:
  m_ObjectHideFlags: 0
  m_PVSData: 
  m_PVSObjectsArray: []
  m_PVSPortalsArray: []
  m_OcclusionBakeSettings:
    smallestOccluder: 5
    smallestHole: 0.25
    backfaceThreshold: 100
--- !u!104 &2
RenderSettings:
  m_ObjectHideFlags: 0
  serializedVersion: 7
  m_Fog: 0
  m_FogColor: {r: 0.5, g: 0.5, b: 0.5, a: 1}
  m_FogMode: 3
  m_FogDensity: 0.01
  m_LinearFogStart: 0
  m_LinearFogEnd: 300
  m_AmbientSkyColor: {r: 0.212, g: 0.227, b: 0.259, a: 1}
  m_AmbientEquatorColor: {r: 0.114, g: 0.125, b: 0.133, a: 1}
  m_AmbientGroundColor: {r: 0.047, g: 0.043, b: 0.035, a: 1}
  m_AmbientIntensity: 1
  m_AmbientMode: 0
  m_SkyboxMaterial: {fileID: 10304, guid: 0000000000000000f000000000000000, type: 0}
  m_HaloStrength: 0.5
  m_FlareStrength: 1
  m_FlareFadeSpeed: 3
  m_HaloTexture: {fileID: 0}
  m_SpotCookie: {fileID: 10001, guid: 0000000000000000e000000000000000, type: 0}
  m_DefaultReflectionMode: 0
  m_DefaultReflectionResolution: 128
  m_ReflectionBounces: 1
  m_ReflectionIntensity: 1
  m_CustomReflection: {fileID: 0}
  m_Sun: {fileID: 0}
  m_IndirectSpecularColor: {r: 0, g: 0, b: 0, a: 1}
--- !u!157 &4
LightmapSettings:
  m_ObjectHideFlags: 0
  serializedVersion: 7
  m_GIWorkflowMode: 0
  m_GISettings:
    serializedVersion: 2
    m_BounceScale: 1
    m_IndirectOutputScale: 1
    m_AlbedoBoost: 1
    m_TemporalCoherenceThreshold: 1
    m_EnvironmentLightingMode: 0
    m_EnableBakedLightmaps: 1
    m_EnableRealtimeLightmaps: 1
  m_LightmapEditorSettings:
    serializedVersion: 4
    m_Resolution: 2
    m_BakeResolution: 40
    m_TextureWidth: 1024
    m_TextureHeight: 1024
    m_AO: 0
    m_AOMaxDistance: 1
    m_CompAOExponent: 0
    m_CompAOExponentDirect: 0
    m_Padding: 2
    m_LightmapParameters: {fileID: 0}
    m_LightmapsBakeMode: 1
    m_TextureCompression: 1
    m_DirectLightInLightProbes: 1
    m_FinalGather: 0
    m_FinalGatherFiltering: 1
    m_FinalGatherRayCount: 1024
    m_ReflectionCompression: 2
  m_LightingDataAsset: {fileID: 0}
  m_RuntimeCPUUsage: 25
--- !u!196 &5
NavMeshSettings:
  serializedVersion: 2
  m_ObjectHideFlags: 0
  m_BuildSettings:
    serializedVersion: 2
    agentRadius: 0.5
    agentHeight: 2
    agentSlope: 45
    agentClimb: 0.4
    ledgeDropHeight: 0
    maxJumpAcrossDistance: 0
    accuratePlacement: 0
    minRegionArea: 2
    cellSize: 0.16666667
    manualCellSize: 0
  m_NavMeshData: {fileID: 0}
--- !u!1 &36091500
GameObject:
  m_ObjectHideFlags: 0
  m_PrefabParentObject: {fileID: 138030, guid: 30a446a6928c9574eaa21fe6a1e03ce3, type: 2}
  m_PrefabInternal: {fileID: 488659762}
  serializedVersion: 4
  m_Component:
  - 224: {fileID: 36091501}
  m_Layer: 5
  m_Name: Fill Area
  m_TagString: Untagged
  m_Icon: {fileID: 0}
  m_NavMeshLayer: 0
  m_StaticEditorFlags: 0
  m_IsActive: 1
--- !u!224 &36091501
RectTransform:
  m_ObjectHideFlags: 0
  m_PrefabParentObject: {fileID: 22498114, guid: 30a446a6928c9574eaa21fe6a1e03ce3,
    type: 2}
  m_PrefabInternal: {fileID: 488659762}
  m_GameObject: {fileID: 36091500}
  m_LocalRotation: {x: 0, y: 0, z: 0, w: 1}
  m_LocalPosition: {x: 0, y: 0, z: 0}
  m_LocalScale: {x: 1, y: 1, z: 1}
  m_LocalEulerAnglesHint: {x: 0, y: 0, z: 0}
  m_Children:
  - {fileID: 1856949506}
  m_Father: {fileID: 536874075}
  m_RootOrder: 1
  m_AnchorMin: {x: 0, y: 0.25}
  m_AnchorMax: {x: 1, y: 0.75}
  m_AnchoredPosition: {x: -7.499997, y: 0}
  m_SizeDelta: {x: -15, y: 0}
  m_Pivot: {x: 0.5, y: 0.5}
--- !u!1 &189168621
GameObject:
  m_ObjectHideFlags: 0
  m_PrefabParentObject: {fileID: 180184, guid: 30a446a6928c9574eaa21fe6a1e03ce3, type: 2}
  m_PrefabInternal: {fileID: 488659762}
  serializedVersion: 4
  m_Component:
  - 224: {fileID: 189168622}
  - 222: {fileID: 189168625}
  - 114: {fileID: 189168624}
  - 114: {fileID: 189168623}
  m_Layer: 5
  m_Name: Button
  m_TagString: Untagged
  m_Icon: {fileID: 0}
  m_NavMeshLayer: 0
  m_StaticEditorFlags: 0
  m_IsActive: 1
--- !u!224 &189168622
RectTransform:
  m_ObjectHideFlags: 0
  m_PrefabParentObject: {fileID: 22411478, guid: 30a446a6928c9574eaa21fe6a1e03ce3,
    type: 2}
  m_PrefabInternal: {fileID: 488659762}
  m_GameObject: {fileID: 189168621}
  m_LocalRotation: {x: 0, y: 0, z: 0, w: 1}
  m_LocalPosition: {x: 0, y: 0, z: 0}
  m_LocalScale: {x: 0.7, y: 0.7, z: 1}
  m_LocalEulerAnglesHint: {x: 0, y: 0, z: 0}
  m_Children: []
  m_Father: {fileID: 2142088749}
  m_RootOrder: 8
  m_AnchorMin: {x: 0.5, y: 0.5}
  m_AnchorMax: {x: 0.5, y: 0.5}
  m_AnchoredPosition: {x: 550, y: 580}
  m_SizeDelta: {x: 88, y: 42}
  m_Pivot: {x: 0.5, y: 0.5}
--- !u!114 &189168623
MonoBehaviour:
  m_ObjectHideFlags: 0
  m_PrefabParentObject: {fileID: 11441508, guid: 30a446a6928c9574eaa21fe6a1e03ce3,
    type: 2}
  m_PrefabInternal: {fileID: 488659762}
  m_GameObject: {fileID: 189168621}
  m_Enabled: 1
  m_EditorHideFlags: 0
  m_Script: {fileID: 1392445389, guid: f5f67c52d1564df4a8936ccd202a3bd8, type: 3}
  m_Name: 
  m_EditorClassIdentifier: 
  m_Navigation:
    m_Mode: 3
    m_SelectOnUp: {fileID: 0}
    m_SelectOnDown: {fileID: 0}
    m_SelectOnLeft: {fileID: 0}
    m_SelectOnRight: {fileID: 0}
  m_Transition: 1
  m_Colors:
    m_NormalColor: {r: 1, g: 1, b: 1, a: 1}
    m_HighlightedColor: {r: 0.9607843, g: 0.9607843, b: 0.9607843, a: 1}
    m_PressedColor: {r: 0.78431374, g: 0.78431374, b: 0.78431374, a: 1}
    m_DisabledColor: {r: 0.78431374, g: 0.78431374, b: 0.78431374, a: 0.5019608}
    m_ColorMultiplier: 1
    m_FadeDuration: 0.1
  m_SpriteState:
    m_HighlightedSprite: {fileID: 0}
    m_PressedSprite: {fileID: 0}
    m_DisabledSprite: {fileID: 0}
  m_AnimationTriggers:
    m_NormalTrigger: Normal
    m_HighlightedTrigger: Highlighted
    m_PressedTrigger: Pressed
    m_DisabledTrigger: Disabled
  m_Interactable: 1
  m_TargetGraphic: {fileID: 189168624}
  m_OnClick:
    m_PersistentCalls:
      m_Calls: []
    m_TypeName: UnityEngine.UI.Button+ButtonClickedEvent, UnityEngine.UI, Version=1.0.0.0,
      Culture=neutral, PublicKeyToken=null
--- !u!114 &189168624
MonoBehaviour:
  m_ObjectHideFlags: 0
  m_PrefabParentObject: {fileID: 11442130, guid: 30a446a6928c9574eaa21fe6a1e03ce3,
    type: 2}
  m_PrefabInternal: {fileID: 488659762}
  m_GameObject: {fileID: 189168621}
  m_Enabled: 1
  m_EditorHideFlags: 0
  m_Script: {fileID: -765806418, guid: f5f67c52d1564df4a8936ccd202a3bd8, type: 3}
  m_Name: 
  m_EditorClassIdentifier: 
  m_Material: {fileID: 0}
  m_Color: {r: 1, g: 1, b: 1, a: 1}
  m_RaycastTarget: 1
  m_OnCullStateChanged:
    m_PersistentCalls:
      m_Calls: []
    m_TypeName: UnityEngine.UI.MaskableGraphic+CullStateChangedEvent, UnityEngine.UI,
      Version=1.0.0.0, Culture=neutral, PublicKeyToken=null
  m_Sprite: {fileID: 21300000, guid: b52a3f62cc3ade446aeb7cebedc51082, type: 3}
  m_Type: 0
  m_PreserveAspect: 0
  m_FillCenter: 1
  m_FillMethod: 4
  m_FillAmount: 1
  m_FillClockwise: 1
  m_FillOrigin: 0
--- !u!222 &189168625
CanvasRenderer:
  m_ObjectHideFlags: 0
  m_PrefabParentObject: {fileID: 22242966, guid: 30a446a6928c9574eaa21fe6a1e03ce3,
    type: 2}
  m_PrefabInternal: {fileID: 488659762}
  m_GameObject: {fileID: 189168621}
--- !u!1 &237405915
GameObject:
  m_ObjectHideFlags: 0
  m_PrefabParentObject: {fileID: 135196, guid: 30a446a6928c9574eaa21fe6a1e03ce3, type: 2}
  m_PrefabInternal: {fileID: 488659762}
  serializedVersion: 4
  m_Component:
  - 224: {fileID: 237405916}
  - 222: {fileID: 237405918}
  - 114: {fileID: 237405917}
  m_Layer: 5
  m_Name: Text
  m_TagString: Untagged
  m_Icon: {fileID: 0}
  m_NavMeshLayer: 0
  m_StaticEditorFlags: 0
  m_IsActive: 1
--- !u!224 &237405916
RectTransform:
  m_ObjectHideFlags: 0
  m_PrefabParentObject: {fileID: 22426380, guid: 30a446a6928c9574eaa21fe6a1e03ce3,
    type: 2}
  m_PrefabInternal: {fileID: 488659762}
  m_GameObject: {fileID: 237405915}
  m_LocalRotation: {x: 0, y: 0, z: 0, w: 1}
  m_LocalPosition: {x: 0, y: 0, z: 0}
  m_LocalScale: {x: 1, y: 1, z: 1}
  m_LocalEulerAnglesHint: {x: 0, y: 0, z: 0}
  m_Children: []
  m_Father: {fileID: 2142088749}
  m_RootOrder: 11
  m_AnchorMin: {x: 0.5, y: 0.5}
  m_AnchorMax: {x: 0.5, y: 0.5}
  m_AnchoredPosition: {x: 0, y: -58}
  m_SizeDelta: {x: 362, y: 99}
  m_Pivot: {x: 0.5, y: 0.5}
--- !u!114 &237405917
MonoBehaviour:
  m_ObjectHideFlags: 0
  m_PrefabParentObject: {fileID: 11448688, guid: 30a446a6928c9574eaa21fe6a1e03ce3,
    type: 2}
  m_PrefabInternal: {fileID: 488659762}
  m_GameObject: {fileID: 237405915}
  m_Enabled: 1
  m_EditorHideFlags: 0
  m_Script: {fileID: 708705254, guid: f5f67c52d1564df4a8936ccd202a3bd8, type: 3}
  m_Name: 
  m_EditorClassIdentifier: 
  m_Material: {fileID: 0}
  m_Color: {r: 1, g: 1, b: 1, a: 0.5176471}
  m_RaycastTarget: 1
  m_OnCullStateChanged:
    m_PersistentCalls:
      m_Calls: []
    m_TypeName: UnityEngine.UI.MaskableGraphic+CullStateChangedEvent, UnityEngine.UI,
      Version=1.0.0.0, Culture=neutral, PublicKeyToken=null
  m_FontData:
    m_Font: {fileID: 12800000, guid: bd1ea67ca2b5742d1a24fcbdc17c55e1, type: 3}
    m_FontSize: 22
    m_FontStyle: 0
    m_BestFit: 0
    m_MinSize: 10
    m_MaxSize: 40
    m_Alignment: 4
    m_AlignByGeometry: 0
    m_RichText: 1
    m_HorizontalOverflow: 0
    m_VerticalOverflow: 0
    m_LineSpacing: 1
  m_Text: "\rGrinds"
--- !u!222 &237405918
CanvasRenderer:
  m_ObjectHideFlags: 0
  m_PrefabParentObject: {fileID: 22258914, guid: 30a446a6928c9574eaa21fe6a1e03ce3,
    type: 2}
  m_PrefabInternal: {fileID: 488659762}
  m_GameObject: {fileID: 237405915}
--- !u!1 &268197679
GameObject:
  m_ObjectHideFlags: 0
  m_PrefabParentObject: {fileID: 125478, guid: 30a446a6928c9574eaa21fe6a1e03ce3, type: 2}
  m_PrefabInternal: {fileID: 488659762}
  serializedVersion: 4
  m_Component:
  - 224: {fileID: 268197680}
  - 222: {fileID: 268197682}
  - 114: {fileID: 268197681}
  m_Layer: 5
  m_Name: Text
  m_TagString: Untagged
  m_Icon: {fileID: 0}
  m_NavMeshLayer: 0
  m_StaticEditorFlags: 0
  m_IsActive: 1
--- !u!224 &268197680
RectTransform:
  m_ObjectHideFlags: 0
  m_PrefabParentObject: {fileID: 22465382, guid: 30a446a6928c9574eaa21fe6a1e03ce3,
    type: 2}
  m_PrefabInternal: {fileID: 488659762}
  m_GameObject: {fileID: 268197679}
  m_LocalRotation: {x: 0, y: 0, z: 0, w: 1}
  m_LocalPosition: {x: 0, y: 0, z: 0}
  m_LocalScale: {x: 1, y: 1, z: 1}
  m_LocalEulerAnglesHint: {x: 0, y: 0, z: 0}
  m_Children: []
  m_Father: {fileID: 2142088749}
  m_RootOrder: 12
  m_AnchorMin: {x: 0.5, y: 0.5}
  m_AnchorMax: {x: 0.5, y: 0.5}
  m_AnchoredPosition: {x: 0, y: -197}
  m_SizeDelta: {x: 362, y: 99}
  m_Pivot: {x: 0.5, y: 0.5}
--- !u!114 &268197681
MonoBehaviour:
  m_ObjectHideFlags: 0
  m_PrefabParentObject: {fileID: 11427476, guid: 30a446a6928c9574eaa21fe6a1e03ce3,
    type: 2}
  m_PrefabInternal: {fileID: 488659762}
  m_GameObject: {fileID: 268197679}
  m_Enabled: 1
  m_EditorHideFlags: 0
  m_Script: {fileID: 708705254, guid: f5f67c52d1564df4a8936ccd202a3bd8, type: 3}
  m_Name: 
  m_EditorClassIdentifier: 
  m_Material: {fileID: 0}
  m_Color: {r: 1, g: 1, b: 1, a: 0.5176471}
  m_RaycastTarget: 1
  m_OnCullStateChanged:
    m_PersistentCalls:
      m_Calls: []
    m_TypeName: UnityEngine.UI.MaskableGraphic+CullStateChangedEvent, UnityEngine.UI,
      Version=1.0.0.0, Culture=neutral, PublicKeyToken=null
  m_FontData:
    m_Font: {fileID: 12800000, guid: bd1ea67ca2b5742d1a24fcbdc17c55e1, type: 3}
    m_FontSize: 22
    m_FontStyle: 0
    m_BestFit: 0
    m_MinSize: 10
    m_MaxSize: 40
    m_Alignment: 4
    m_AlignByGeometry: 0
    m_RichText: 1
    m_HorizontalOverflow: 0
    m_VerticalOverflow: 0
    m_LineSpacing: 1
  m_Text: Track 14 of 16
--- !u!222 &268197682
CanvasRenderer:
  m_ObjectHideFlags: 0
  m_PrefabParentObject: {fileID: 22242542, guid: 30a446a6928c9574eaa21fe6a1e03ce3,
    type: 2}
  m_PrefabInternal: {fileID: 488659762}
  m_GameObject: {fileID: 268197679}
--- !u!1 &318353868
GameObject:
  m_ObjectHideFlags: 0
  m_PrefabParentObject: {fileID: 137176, guid: 30a446a6928c9574eaa21fe6a1e03ce3, type: 2}
  m_PrefabInternal: {fileID: 488659762}
  serializedVersion: 4
  m_Component:
  - 224: {fileID: 318353869}
  - 222: {fileID: 318353872}
  - 114: {fileID: 318353871}
  - 114: {fileID: 318353870}
  m_Layer: 5
  m_Name: Button
  m_TagString: Untagged
  m_Icon: {fileID: 0}
  m_NavMeshLayer: 0
  m_StaticEditorFlags: 0
  m_IsActive: 1
--- !u!224 &318353869
RectTransform:
  m_ObjectHideFlags: 0
  m_PrefabParentObject: {fileID: 22406820, guid: 30a446a6928c9574eaa21fe6a1e03ce3,
    type: 2}
  m_PrefabInternal: {fileID: 488659762}
  m_GameObject: {fileID: 318353868}
  m_LocalRotation: {x: 0, y: 0, z: 1, w: -0.00000004371139}
  m_LocalPosition: {x: 0, y: 0, z: 0}
  m_LocalScale: {x: 0.6, y: 0.6, z: 1}
  m_LocalEulerAnglesHint: {x: 0, y: 0, z: 0}
  m_Children: []
  m_Father: {fileID: 2142088749}
  m_RootOrder: 4
  m_AnchorMin: {x: 0.5, y: 0.5}
  m_AnchorMax: {x: 0.5, y: 0.5}
  m_AnchoredPosition: {x: -300, y: -345}
  m_SizeDelta: {x: 88, y: 54}
  m_Pivot: {x: 0.5, y: 0.5}
--- !u!114 &318353870
MonoBehaviour:
  m_ObjectHideFlags: 0
  m_PrefabParentObject: {fileID: 11450208, guid: 30a446a6928c9574eaa21fe6a1e03ce3,
    type: 2}
  m_PrefabInternal: {fileID: 488659762}
  m_GameObject: {fileID: 318353868}
  m_Enabled: 1
  m_EditorHideFlags: 0
  m_Script: {fileID: 1392445389, guid: f5f67c52d1564df4a8936ccd202a3bd8, type: 3}
  m_Name: 
  m_EditorClassIdentifier: 
  m_Navigation:
    m_Mode: 3
    m_SelectOnUp: {fileID: 0}
    m_SelectOnDown: {fileID: 0}
    m_SelectOnLeft: {fileID: 0}
    m_SelectOnRight: {fileID: 0}
  m_Transition: 1
  m_Colors:
    m_NormalColor: {r: 1, g: 1, b: 1, a: 1}
    m_HighlightedColor: {r: 0.9607843, g: 0.9607843, b: 0.9607843, a: 1}
    m_PressedColor: {r: 0.78431374, g: 0.78431374, b: 0.78431374, a: 1}
    m_DisabledColor: {r: 0.78431374, g: 0.78431374, b: 0.78431374, a: 0.5019608}
    m_ColorMultiplier: 1
    m_FadeDuration: 0.1
  m_SpriteState:
    m_HighlightedSprite: {fileID: 0}
    m_PressedSprite: {fileID: 0}
    m_DisabledSprite: {fileID: 0}
  m_AnimationTriggers:
    m_NormalTrigger: Normal
    m_HighlightedTrigger: Highlighted
    m_PressedTrigger: Pressed
    m_DisabledTrigger: Disabled
  m_Interactable: 1
  m_TargetGraphic: {fileID: 318353871}
  m_OnClick:
    m_PersistentCalls:
      m_Calls: []
    m_TypeName: UnityEngine.UI.Button+ButtonClickedEvent, UnityEngine.UI, Version=1.0.0.0,
      Culture=neutral, PublicKeyToken=null
--- !u!114 &318353871
MonoBehaviour:
  m_ObjectHideFlags: 0
  m_PrefabParentObject: {fileID: 11453522, guid: 30a446a6928c9574eaa21fe6a1e03ce3,
    type: 2}
  m_PrefabInternal: {fileID: 488659762}
  m_GameObject: {fileID: 318353868}
  m_Enabled: 1
  m_EditorHideFlags: 0
  m_Script: {fileID: -765806418, guid: f5f67c52d1564df4a8936ccd202a3bd8, type: 3}
  m_Name: 
  m_EditorClassIdentifier: 
  m_Material: {fileID: 0}
  m_Color: {r: 1, g: 1, b: 1, a: 1}
  m_RaycastTarget: 1
  m_OnCullStateChanged:
    m_PersistentCalls:
      m_Calls: []
    m_TypeName: UnityEngine.UI.MaskableGraphic+CullStateChangedEvent, UnityEngine.UI,
      Version=1.0.0.0, Culture=neutral, PublicKeyToken=null
  m_Sprite: {fileID: 21300000, guid: 8d3e2c3d8e35f45a799d6dfec6e953a2, type: 3}
  m_Type: 0
  m_PreserveAspect: 0
  m_FillCenter: 1
  m_FillMethod: 4
  m_FillAmount: 1
  m_FillClockwise: 1
  m_FillOrigin: 0
--- !u!222 &318353872
CanvasRenderer:
  m_ObjectHideFlags: 0
  m_PrefabParentObject: {fileID: 22204730, guid: 30a446a6928c9574eaa21fe6a1e03ce3,
    type: 2}
  m_PrefabInternal: {fileID: 488659762}
  m_GameObject: {fileID: 318353868}
--- !u!1 &326723351
GameObject:
  m_ObjectHideFlags: 0
  m_PrefabParentObject: {fileID: 172110, guid: 30a446a6928c9574eaa21fe6a1e03ce3, type: 2}
  m_PrefabInternal: {fileID: 488659762}
  serializedVersion: 4
  m_Component:
  - 224: {fileID: 326723352}
  - 222: {fileID: 326723354}
  - 114: {fileID: 326723353}
  m_Layer: 5
  m_Name: BGPhotography
  m_TagString: Untagged
  m_Icon: {fileID: 0}
  m_NavMeshLayer: 0
  m_StaticEditorFlags: 0
  m_IsActive: 1
--- !u!224 &326723352
RectTransform:
  m_ObjectHideFlags: 0
  m_PrefabParentObject: {fileID: 22432714, guid: 30a446a6928c9574eaa21fe6a1e03ce3,
    type: 2}
  m_PrefabInternal: {fileID: 488659762}
  m_GameObject: {fileID: 326723351}
  m_LocalRotation: {x: 0, y: 0, z: 0, w: 1}
  m_LocalPosition: {x: 0, y: 0, z: 0}
  m_LocalScale: {x: 1, y: 1, z: 1}
  m_LocalEulerAnglesHint: {x: 0, y: 0, z: 0}
  m_Children: []
  m_Father: {fileID: 2142088749}
  m_RootOrder: 0
  m_AnchorMin: {x: 0.5, y: 0.5}
  m_AnchorMax: {x: 0.5, y: 0.5}
  m_AnchoredPosition: {x: 15, y: 0}
  m_SizeDelta: {x: 2463, y: 3450}
  m_Pivot: {x: 0.5, y: 0.5}
--- !u!114 &326723353
MonoBehaviour:
  m_ObjectHideFlags: 0
  m_PrefabParentObject: {fileID: 11486888, guid: 30a446a6928c9574eaa21fe6a1e03ce3,
    type: 2}
  m_PrefabInternal: {fileID: 488659762}
  m_GameObject: {fileID: 326723351}
  m_Enabled: 1
  m_EditorHideFlags: 0
  m_Script: {fileID: -765806418, guid: f5f67c52d1564df4a8936ccd202a3bd8, type: 3}
  m_Name: 
  m_EditorClassIdentifier: 
  m_Material: {fileID: 0}
  m_Color: {r: 1, g: 1, b: 1, a: 0.043137256}
  m_RaycastTarget: 1
  m_OnCullStateChanged:
    m_PersistentCalls:
      m_Calls: []
    m_TypeName: UnityEngine.UI.MaskableGraphic+CullStateChangedEvent, UnityEngine.UI,
      Version=1.0.0.0, Culture=neutral, PublicKeyToken=null
  m_Sprite: {fileID: 21300000, guid: 11619e2e053004f64a8e9c75c0b74b0f, type: 3}
  m_Type: 0
  m_PreserveAspect: 0
  m_FillCenter: 1
  m_FillMethod: 4
  m_FillAmount: 1
  m_FillClockwise: 1
  m_FillOrigin: 0
--- !u!222 &326723354
CanvasRenderer:
  m_ObjectHideFlags: 0
  m_PrefabParentObject: {fileID: 22208594, guid: 30a446a6928c9574eaa21fe6a1e03ce3,
    type: 2}
  m_PrefabInternal: {fileID: 488659762}
  m_GameObject: {fileID: 326723351}
--- !u!1 &382697862
GameObject:
  m_ObjectHideFlags: 0
  m_PrefabParentObject: {fileID: 188720, guid: 30a446a6928c9574eaa21fe6a1e03ce3, type: 2}
  m_PrefabInternal: {fileID: 488659762}
  serializedVersion: 4
  m_Component:
  - 224: {fileID: 382697863}
  - 222: {fileID: 382697865}
  - 114: {fileID: 382697864}
  m_Layer: 5
  m_Name: AppTitle
  m_TagString: Untagged
  m_Icon: {fileID: 0}
  m_NavMeshLayer: 0
  m_StaticEditorFlags: 0
  m_IsActive: 1
--- !u!224 &382697863
RectTransform:
  m_ObjectHideFlags: 0
  m_PrefabParentObject: {fileID: 22457514, guid: 30a446a6928c9574eaa21fe6a1e03ce3,
    type: 2}
  m_PrefabInternal: {fileID: 488659762}
  m_GameObject: {fileID: 382697862}
  m_LocalRotation: {x: 0, y: 0, z: 0, w: 1}
  m_LocalPosition: {x: 0, y: 0, z: 0}
  m_LocalScale: {x: 1, y: 1, z: 1}
  m_LocalEulerAnglesHint: {x: 0, y: 0, z: 0}
  m_Children:
  - {fileID: 1419298526}
  m_Father: {fileID: 763452033}
  m_RootOrder: 0
  m_AnchorMin: {x: 0.5, y: 0.5}
  m_AnchorMax: {x: 0.5, y: 0.5}
  m_AnchoredPosition: {x: -576, y: 653}
  m_SizeDelta: {x: 768, y: 109}
  m_Pivot: {x: 0.5, y: 0.5}
--- !u!114 &382697864
MonoBehaviour:
  m_ObjectHideFlags: 0
  m_PrefabParentObject: {fileID: 11456598, guid: 30a446a6928c9574eaa21fe6a1e03ce3,
    type: 2}
  m_PrefabInternal: {fileID: 488659762}
  m_GameObject: {fileID: 382697862}
  m_Enabled: 1
  m_EditorHideFlags: 0
  m_Script: {fileID: 708705254, guid: f5f67c52d1564df4a8936ccd202a3bd8, type: 3}
  m_Name: 
  m_EditorClassIdentifier: 
  m_Material: {fileID: 0}
  m_Color: {r: 0.85490197, g: 0.85490197, b: 0.85490197, a: 1}
  m_RaycastTarget: 1
  m_OnCullStateChanged:
    m_PersistentCalls:
      m_Calls: []
    m_TypeName: UnityEngine.UI.MaskableGraphic+CullStateChangedEvent, UnityEngine.UI,
      Version=1.0.0.0, Culture=neutral, PublicKeyToken=null
  m_FontData:
    m_Font: {fileID: 12800000, guid: 218956a5c2a6e42d6a60afccf80b002b, type: 3}
    m_FontSize: 102
    m_FontStyle: 0
    m_BestFit: 0
    m_MinSize: 10
    m_MaxSize: 102
    m_Alignment: 0
    m_AlignByGeometry: 0
    m_RichText: 1
    m_HorizontalOverflow: 0
    m_VerticalOverflow: 1
    m_LineSpacing: 1
  m_Text: MUSIC APP
--- !u!222 &382697865
CanvasRenderer:
  m_ObjectHideFlags: 0
  m_PrefabParentObject: {fileID: 22208442, guid: 30a446a6928c9574eaa21fe6a1e03ce3,
    type: 2}
  m_PrefabInternal: {fileID: 488659762}
  m_GameObject: {fileID: 382697862}
--- !u!1 &450158857
GameObject:
  m_ObjectHideFlags: 0
  m_PrefabParentObject: {fileID: 100712, guid: 30a446a6928c9574eaa21fe6a1e03ce3, type: 2}
  m_PrefabInternal: {fileID: 488659762}
  serializedVersion: 4
  m_Component:
  - 224: {fileID: 450158858}
  - 222: {fileID: 450158860}
  - 114: {fileID: 450158859}
  m_Layer: 5
  m_Name: Handle
  m_TagString: Untagged
  m_Icon: {fileID: 0}
  m_NavMeshLayer: 0
  m_StaticEditorFlags: 0
  m_IsActive: 1
--- !u!224 &450158858
RectTransform:
  m_ObjectHideFlags: 0
  m_PrefabParentObject: {fileID: 22463474, guid: 30a446a6928c9574eaa21fe6a1e03ce3,
    type: 2}
  m_PrefabInternal: {fileID: 488659762}
  m_GameObject: {fileID: 450158857}
  m_LocalRotation: {x: 0, y: 0, z: 0, w: 1}
  m_LocalPosition: {x: 0, y: 0, z: 0}
  m_LocalScale: {x: 1, y: 1, z: 1}
  m_LocalEulerAnglesHint: {x: 0, y: 0, z: 0}
  m_Children: []
  m_Father: {fileID: 1977438395}
  m_RootOrder: 0
  m_AnchorMin: {x: 0, y: 0}
  m_AnchorMax: {x: 0, y: 0}
  m_AnchoredPosition: {x: 0.00001052767, y: 0.039988555}
  m_SizeDelta: {x: 36.41, y: -0.04}
  m_Pivot: {x: 0.5, y: 0}
--- !u!114 &450158859
MonoBehaviour:
  m_ObjectHideFlags: 0
  m_PrefabParentObject: {fileID: 11477680, guid: 30a446a6928c9574eaa21fe6a1e03ce3,
    type: 2}
  m_PrefabInternal: {fileID: 488659762}
  m_GameObject: {fileID: 450158857}
  m_Enabled: 1
  m_EditorHideFlags: 0
  m_Script: {fileID: -765806418, guid: f5f67c52d1564df4a8936ccd202a3bd8, type: 3}
  m_Name: 
  m_EditorClassIdentifier: 
  m_Material: {fileID: 0}
  m_Color: {r: 1, g: 1, b: 1, a: 1}
  m_RaycastTarget: 1
  m_OnCullStateChanged:
    m_PersistentCalls:
      m_Calls: []
    m_TypeName: UnityEngine.UI.MaskableGraphic+CullStateChangedEvent, UnityEngine.UI,
      Version=1.0.0.0, Culture=neutral, PublicKeyToken=null
  m_Sprite: {fileID: 21300000, guid: f04f7faa5cfd8444a9b61e426135725f, type: 3}
  m_Type: 0
  m_PreserveAspect: 0
  m_FillCenter: 1
  m_FillMethod: 4
  m_FillAmount: 1
  m_FillClockwise: 1
  m_FillOrigin: 0
--- !u!222 &450158860
CanvasRenderer:
  m_ObjectHideFlags: 0
  m_PrefabParentObject: {fileID: 22235506, guid: 30a446a6928c9574eaa21fe6a1e03ce3,
    type: 2}
  m_PrefabInternal: {fileID: 488659762}
  m_GameObject: {fileID: 450158857}
--- !u!1001 &488659762
Prefab:
  m_ObjectHideFlags: 0
  serializedVersion: 2
  m_Modification:
    m_TransformParent: {fileID: 0}
    m_Modifications:
    - target: {fileID: 22484934, guid: 30a446a6928c9574eaa21fe6a1e03ce3, type: 2}
      propertyPath: m_LocalPosition.x
      value: 0
      objectReference: {fileID: 0}
    - target: {fileID: 22484934, guid: 30a446a6928c9574eaa21fe6a1e03ce3, type: 2}
      propertyPath: m_LocalPosition.y
      value: 0
      objectReference: {fileID: 0}
    - target: {fileID: 22484934, guid: 30a446a6928c9574eaa21fe6a1e03ce3, type: 2}
      propertyPath: m_LocalPosition.z
      value: 0
      objectReference: {fileID: 0}
    - target: {fileID: 22484934, guid: 30a446a6928c9574eaa21fe6a1e03ce3, type: 2}
      propertyPath: m_LocalRotation.x
      value: 0
      objectReference: {fileID: 0}
    - target: {fileID: 22484934, guid: 30a446a6928c9574eaa21fe6a1e03ce3, type: 2}
      propertyPath: m_LocalRotation.y
      value: 0
      objectReference: {fileID: 0}
    - target: {fileID: 22484934, guid: 30a446a6928c9574eaa21fe6a1e03ce3, type: 2}
      propertyPath: m_LocalRotation.z
      value: 0
      objectReference: {fileID: 0}
    - target: {fileID: 22484934, guid: 30a446a6928c9574eaa21fe6a1e03ce3, type: 2}
      propertyPath: m_LocalRotation.w
      value: 1
      objectReference: {fileID: 0}
    - target: {fileID: 22484934, guid: 30a446a6928c9574eaa21fe6a1e03ce3, type: 2}
      propertyPath: m_RootOrder
      value: 0
      objectReference: {fileID: 0}
    - target: {fileID: 22484934, guid: 30a446a6928c9574eaa21fe6a1e03ce3, type: 2}
      propertyPath: m_AnchoredPosition.x
      value: 0
      objectReference: {fileID: 0}
    - target: {fileID: 22484934, guid: 30a446a6928c9574eaa21fe6a1e03ce3, type: 2}
      propertyPath: m_AnchoredPosition.y
      value: 0
      objectReference: {fileID: 0}
    - target: {fileID: 22484934, guid: 30a446a6928c9574eaa21fe6a1e03ce3, type: 2}
      propertyPath: m_SizeDelta.x
      value: 0
      objectReference: {fileID: 0}
    - target: {fileID: 22484934, guid: 30a446a6928c9574eaa21fe6a1e03ce3, type: 2}
      propertyPath: m_SizeDelta.y
      value: 0
      objectReference: {fileID: 0}
    - target: {fileID: 22484934, guid: 30a446a6928c9574eaa21fe6a1e03ce3, type: 2}
      propertyPath: m_AnchorMin.x
      value: 0
      objectReference: {fileID: 0}
    - target: {fileID: 22484934, guid: 30a446a6928c9574eaa21fe6a1e03ce3, type: 2}
      propertyPath: m_AnchorMin.y
      value: 0
      objectReference: {fileID: 0}
    - target: {fileID: 22484934, guid: 30a446a6928c9574eaa21fe6a1e03ce3, type: 2}
      propertyPath: m_AnchorMax.x
      value: 0
      objectReference: {fileID: 0}
    - target: {fileID: 22484934, guid: 30a446a6928c9574eaa21fe6a1e03ce3, type: 2}
      propertyPath: m_AnchorMax.y
      value: 0
      objectReference: {fileID: 0}
    - target: {fileID: 22484934, guid: 30a446a6928c9574eaa21fe6a1e03ce3, type: 2}
      propertyPath: m_Pivot.x
      value: 0
      objectReference: {fileID: 0}
    - target: {fileID: 22484934, guid: 30a446a6928c9574eaa21fe6a1e03ce3, type: 2}
      propertyPath: m_Pivot.y
      value: 0
      objectReference: {fileID: 0}
    - target: {fileID: 22479836, guid: 30a446a6928c9574eaa21fe6a1e03ce3, type: 2}
      propertyPath: m_AnchorMax.x
      value: 0.382
      objectReference: {fileID: 0}
    - target: {fileID: 22479836, guid: 30a446a6928c9574eaa21fe6a1e03ce3, type: 2}
      propertyPath: m_AnchorMax.y
      value: 1
      objectReference: {fileID: 0}
    - target: {fileID: 22463474, guid: 30a446a6928c9574eaa21fe6a1e03ce3, type: 2}
      propertyPath: m_AnchorMin.x
      value: 0.382
      objectReference: {fileID: 0}
    - target: {fileID: 22463474, guid: 30a446a6928c9574eaa21fe6a1e03ce3, type: 2}
      propertyPath: m_AnchorMax.x
      value: 0.382
      objectReference: {fileID: 0}
    - target: {fileID: 22463474, guid: 30a446a6928c9574eaa21fe6a1e03ce3, type: 2}
      propertyPath: m_AnchorMax.y
      value: 1
      objectReference: {fileID: 0}
    - target: {fileID: 22446626, guid: 30a446a6928c9574eaa21fe6a1e03ce3, type: 2}
      propertyPath: m_AnchorMax.x
      value: 0.427
      objectReference: {fileID: 0}
    - target: {fileID: 22446626, guid: 30a446a6928c9574eaa21fe6a1e03ce3, type: 2}
      propertyPath: m_AnchorMax.y
      value: 1
      objectReference: {fileID: 0}
    - target: {fileID: 22455616, guid: 30a446a6928c9574eaa21fe6a1e03ce3, type: 2}
      propertyPath: m_AnchorMin.x
      value: 0.427
      objectReference: {fileID: 0}
    - target: {fileID: 22455616, guid: 30a446a6928c9574eaa21fe6a1e03ce3, type: 2}
      propertyPath: m_AnchorMax.x
      value: 0.427
      objectReference: {fileID: 0}
    - target: {fileID: 22455616, guid: 30a446a6928c9574eaa21fe6a1e03ce3, type: 2}
      propertyPath: m_AnchorMax.y
      value: 1
      objectReference: {fileID: 0}
    m_RemovedComponents: []
  m_ParentPrefab: {fileID: 100100000, guid: 30a446a6928c9574eaa21fe6a1e03ce3, type: 2}
  m_RootGameObject: {fileID: 763452029}
  m_IsPrefabParent: 0
--- !u!1 &527898826
GameObject:
  m_ObjectHideFlags: 0
  m_PrefabParentObject: {fileID: 175576, guid: 30a446a6928c9574eaa21fe6a1e03ce3, type: 2}
  m_PrefabInternal: {fileID: 488659762}
  serializedVersion: 4
  m_Component:
  - 224: {fileID: 527898827}
  - 222: {fileID: 527898830}
  - 114: {fileID: 527898829}
  - 114: {fileID: 527898828}
  m_Layer: 5
  m_Name: Panel
  m_TagString: Untagged
  m_Icon: {fileID: 0}
  m_NavMeshLayer: 0
  m_StaticEditorFlags: 0
  m_IsActive: 1
--- !u!224 &527898827
RectTransform:
  m_ObjectHideFlags: 0
  m_PrefabParentObject: {fileID: 22463194, guid: 30a446a6928c9574eaa21fe6a1e03ce3,
    type: 2}
  m_PrefabInternal: {fileID: 488659762}
  m_GameObject: {fileID: 527898826}
  m_LocalRotation: {x: 0, y: 0, z: 0, w: 1}
  m_LocalPosition: {x: 0, y: 0, z: 0}
  m_LocalScale: {x: 0.6, y: 0.6, z: 1}
  m_LocalEulerAnglesHint: {x: 0, y: 0, z: 0}
  m_Children:
  - {fileID: 775172887}
  - {fileID: 2029971376}
  m_Father: {fileID: 2142088749}
  m_RootOrder: 15
  m_AnchorMin: {x: 0.5, y: 0.5}
  m_AnchorMax: {x: 0.5, y: 0.5}
  m_AnchoredPosition: {x: 4, y: 373}
  m_SizeDelta: {x: 614, y: 616}
  m_Pivot: {x: 0.5, y: 0.5}
--- !u!114 &527898828
MonoBehaviour:
  m_ObjectHideFlags: 0
  m_PrefabParentObject: {fileID: 11449802, guid: 30a446a6928c9574eaa21fe6a1e03ce3,
    type: 2}
  m_PrefabInternal: {fileID: 488659762}
  m_GameObject: {fileID: 527898826}
  m_Enabled: 1
  m_EditorHideFlags: 0
  m_Script: {fileID: -1200242548, guid: f5f67c52d1564df4a8936ccd202a3bd8, type: 3}
  m_Name: 
  m_EditorClassIdentifier: 
  m_ShowMaskGraphic: 1
--- !u!114 &527898829
MonoBehaviour:
  m_ObjectHideFlags: 0
  m_PrefabParentObject: {fileID: 11424776, guid: 30a446a6928c9574eaa21fe6a1e03ce3,
    type: 2}
  m_PrefabInternal: {fileID: 488659762}
  m_GameObject: {fileID: 527898826}
  m_Enabled: 1
  m_EditorHideFlags: 0
  m_Script: {fileID: -765806418, guid: f5f67c52d1564df4a8936ccd202a3bd8, type: 3}
  m_Name: 
  m_EditorClassIdentifier: 
  m_Material: {fileID: 0}
  m_Color: {r: 0, g: 0, b: 0, a: 1}
  m_RaycastTarget: 1
  m_OnCullStateChanged:
    m_PersistentCalls:
      m_Calls: []
    m_TypeName: UnityEngine.UI.MaskableGraphic+CullStateChangedEvent, UnityEngine.UI,
      Version=1.0.0.0, Culture=neutral, PublicKeyToken=null
  m_Sprite: {fileID: 21300000, guid: 7ed1238760b863f4aafde32ab3a6f28c, type: 3}
  m_Type: 1
  m_PreserveAspect: 0
  m_FillCenter: 1
  m_FillMethod: 4
  m_FillAmount: 1
  m_FillClockwise: 1
  m_FillOrigin: 0
--- !u!222 &527898830
CanvasRenderer:
  m_ObjectHideFlags: 0
  m_PrefabParentObject: {fileID: 22275058, guid: 30a446a6928c9574eaa21fe6a1e03ce3,
    type: 2}
  m_PrefabInternal: {fileID: 488659762}
  m_GameObject: {fileID: 527898826}
--- !u!1 &528185144
GameObject:
  m_ObjectHideFlags: 0
  m_PrefabParentObject: {fileID: 130850, guid: 30a446a6928c9574eaa21fe6a1e03ce3, type: 2}
  m_PrefabInternal: {fileID: 488659762}
  serializedVersion: 4
  m_Component:
  - 224: {fileID: 528185145}
  m_Layer: 5
  m_Name: Handle Slide Area
  m_TagString: Untagged
  m_Icon: {fileID: 0}
  m_NavMeshLayer: 0
  m_StaticEditorFlags: 0
  m_IsActive: 1
--- !u!224 &528185145
RectTransform:
  m_ObjectHideFlags: 0
  m_PrefabParentObject: {fileID: 22480108, guid: 30a446a6928c9574eaa21fe6a1e03ce3,
    type: 2}
  m_PrefabInternal: {fileID: 488659762}
  m_GameObject: {fileID: 528185144}
  m_LocalRotation: {x: 0, y: 0, z: 0, w: 1}
  m_LocalPosition: {x: 0, y: 0, z: 0}
  m_LocalScale: {x: 1, y: 1, z: 1}
  m_LocalEulerAnglesHint: {x: 0, y: 0, z: 0}
  m_Children:
  - {fileID: 955091368}
  m_Father: {fileID: 1660015291}
  m_RootOrder: 2
  m_AnchorMin: {x: 0, y: 0}
  m_AnchorMax: {x: 1, y: 1}
  m_AnchoredPosition: {x: -3.8000488, y: 0}
  m_SizeDelta: {x: -12.5, y: 0}
  m_Pivot: {x: 0.5, y: 0.5}
--- !u!1 &536874074
GameObject:
  m_ObjectHideFlags: 0
  m_PrefabParentObject: {fileID: 171612, guid: 30a446a6928c9574eaa21fe6a1e03ce3, type: 2}
  m_PrefabInternal: {fileID: 488659762}
  serializedVersion: 4
  m_Component:
  - 224: {fileID: 536874075}
  - 114: {fileID: 536874076}
  m_Layer: 5
  m_Name: Volume
  m_TagString: Untagged
  m_Icon: {fileID: 0}
  m_NavMeshLayer: 0
  m_StaticEditorFlags: 0
  m_IsActive: 1
--- !u!224 &536874075
RectTransform:
  m_ObjectHideFlags: 0
  m_PrefabParentObject: {fileID: 22422512, guid: 30a446a6928c9574eaa21fe6a1e03ce3,
    type: 2}
  m_PrefabInternal: {fileID: 488659762}
  m_GameObject: {fileID: 536874074}
  m_LocalRotation: {x: 0, y: 0, z: 0, w: 1}
  m_LocalPosition: {x: 0, y: 0, z: 0}
  m_LocalScale: {x: 1, y: 1, z: 1}
  m_LocalEulerAnglesHint: {x: 0, y: 0, z: 0}
  m_Children:
  - {fileID: 1061667721}
  - {fileID: 36091501}
  - {fileID: 1977438395}
  m_Father: {fileID: 945691551}
  m_RootOrder: 0
  m_AnchorMin: {x: 0.5, y: 0.5}
  m_AnchorMax: {x: 0.5, y: 0.5}
  m_AnchoredPosition: {x: 0, y: 0}
  m_SizeDelta: {x: 657, y: 36}
  m_Pivot: {x: 0.5, y: 0.5}
--- !u!114 &536874076
MonoBehaviour:
  m_ObjectHideFlags: 0
  m_PrefabParentObject: {fileID: 11462528, guid: 30a446a6928c9574eaa21fe6a1e03ce3,
    type: 2}
  m_PrefabInternal: {fileID: 488659762}
  m_GameObject: {fileID: 536874074}
  m_Enabled: 1
  m_EditorHideFlags: 0
  m_Script: {fileID: -113659843, guid: f5f67c52d1564df4a8936ccd202a3bd8, type: 3}
  m_Name: 
  m_EditorClassIdentifier: 
  m_Navigation:
    m_Mode: 3
    m_SelectOnUp: {fileID: 0}
    m_SelectOnDown: {fileID: 0}
    m_SelectOnLeft: {fileID: 0}
    m_SelectOnRight: {fileID: 0}
  m_Transition: 1
  m_Colors:
    m_NormalColor: {r: 1, g: 1, b: 1, a: 1}
    m_HighlightedColor: {r: 0.9607843, g: 0.9607843, b: 0.9607843, a: 1}
    m_PressedColor: {r: 0.78431374, g: 0.78431374, b: 0.78431374, a: 1}
    m_DisabledColor: {r: 0.78431374, g: 0.78431374, b: 0.78431374, a: 0.5019608}
    m_ColorMultiplier: 1.49
    m_FadeDuration: 0.1
  m_SpriteState:
    m_HighlightedSprite: {fileID: 0}
    m_PressedSprite: {fileID: 0}
    m_DisabledSprite: {fileID: 0}
  m_AnimationTriggers:
    m_NormalTrigger: Normal
    m_HighlightedTrigger: Highlighted
    m_PressedTrigger: Pressed
    m_DisabledTrigger: Disabled
  m_Interactable: 1
  m_TargetGraphic: {fileID: 450158859}
  m_FillRect: {fileID: 1856949506}
  m_HandleRect: {fileID: 450158858}
  m_Direction: 0
  m_MinValue: 0
  m_MaxValue: 1
  m_WholeNumbers: 0
  m_Value: 0.382
  m_OnValueChanged:
    m_PersistentCalls:
      m_Calls: []
    m_TypeName: UnityEngine.UI.Slider+SliderEvent, UnityEngine.UI, Version=1.0.0.0,
      Culture=neutral, PublicKeyToken=null
--- !u!1 &653767659
GameObject:
  m_ObjectHideFlags: 0
  m_PrefabParentObject: {fileID: 165816, guid: 30a446a6928c9574eaa21fe6a1e03ce3, type: 2}
  m_PrefabInternal: {fileID: 488659762}
  serializedVersion: 4
  m_Component:
  - 224: {fileID: 653767660}
  - 222: {fileID: 653767662}
  - 114: {fileID: 653767661}
  m_Layer: 5
  m_Name: Background
  m_TagString: Untagged
  m_Icon: {fileID: 0}
  m_NavMeshLayer: 0
  m_StaticEditorFlags: 0
  m_IsActive: 1
--- !u!224 &653767660
RectTransform:
  m_ObjectHideFlags: 0
  m_PrefabParentObject: {fileID: 22416228, guid: 30a446a6928c9574eaa21fe6a1e03ce3,
    type: 2}
  m_PrefabInternal: {fileID: 488659762}
  m_GameObject: {fileID: 653767659}
  m_LocalRotation: {x: 0, y: 0, z: 0, w: 1}
  m_LocalPosition: {x: 0, y: 0, z: 0}
  m_LocalScale: {x: 1, y: 1, z: 1}
  m_LocalEulerAnglesHint: {x: 0, y: 0, z: 0}
  m_Children: []
  m_Father: {fileID: 1660015291}
  m_RootOrder: 0
  m_AnchorMin: {x: 0, y: 0.25}
  m_AnchorMax: {x: 1, y: 0.75}
  m_AnchoredPosition: {x: -5.0000014, y: 0}
  m_SizeDelta: {x: -10, y: -6}
  m_Pivot: {x: 0.5, y: 0.5}
--- !u!114 &653767661
MonoBehaviour:
  m_ObjectHideFlags: 0
  m_PrefabParentObject: {fileID: 11453330, guid: 30a446a6928c9574eaa21fe6a1e03ce3,
    type: 2}
  m_PrefabInternal: {fileID: 488659762}
  m_GameObject: {fileID: 653767659}
  m_Enabled: 1
  m_EditorHideFlags: 0
  m_Script: {fileID: -765806418, guid: f5f67c52d1564df4a8936ccd202a3bd8, type: 3}
  m_Name: 
  m_EditorClassIdentifier: 
  m_Material: {fileID: 0}
  m_Color: {r: 0.08823532, g: 0.08823532, b: 0.08823532, a: 1}
  m_RaycastTarget: 1
  m_OnCullStateChanged:
    m_PersistentCalls:
      m_Calls: []
    m_TypeName: UnityEngine.UI.MaskableGraphic+CullStateChangedEvent, UnityEngine.UI,
      Version=1.0.0.0, Culture=neutral, PublicKeyToken=null
  m_Sprite: {fileID: 21300000, guid: 7ed1238760b863f4aafde32ab3a6f28c, type: 3}
  m_Type: 1
  m_PreserveAspect: 0
  m_FillCenter: 1
  m_FillMethod: 4
  m_FillAmount: 1
  m_FillClockwise: 1
  m_FillOrigin: 0
--- !u!222 &653767662
CanvasRenderer:
  m_ObjectHideFlags: 0
  m_PrefabParentObject: {fileID: 22238214, guid: 30a446a6928c9574eaa21fe6a1e03ce3,
    type: 2}
  m_PrefabInternal: {fileID: 488659762}
  m_GameObject: {fileID: 653767659}
--- !u!1 &663847405
GameObject:
  m_ObjectHideFlags: 0
  m_PrefabParentObject: {fileID: 179652, guid: 30a446a6928c9574eaa21fe6a1e03ce3, type: 2}
  m_PrefabInternal: {fileID: 488659762}
  serializedVersion: 4
  m_Component:
  - 224: {fileID: 663847406}
  - 222: {fileID: 663847409}
  - 114: {fileID: 663847408}
  - 114: {fileID: 663847407}
  m_Layer: 5
  m_Name: Button
  m_TagString: Untagged
  m_Icon: {fileID: 0}
  m_NavMeshLayer: 0
  m_StaticEditorFlags: 0
  m_IsActive: 1
--- !u!224 &663847406
RectTransform:
  m_ObjectHideFlags: 0
  m_PrefabParentObject: {fileID: 22499750, guid: 30a446a6928c9574eaa21fe6a1e03ce3,
    type: 2}
  m_PrefabInternal: {fileID: 488659762}
  m_GameObject: {fileID: 663847405}
  m_LocalRotation: {x: 0, y: 0, z: 0, w: 1}
  m_LocalPosition: {x: 0, y: 0, z: 0}
  m_LocalScale: {x: 0.9, y: 0.9, z: 1}
  m_LocalEulerAnglesHint: {x: 0, y: 0, z: 0}
  m_Children: []
  m_Father: {fileID: 2142088749}
  m_RootOrder: 2
  m_AnchorMin: {x: 0.5, y: 0.5}
  m_AnchorMax: {x: 0.5, y: 0.5}
  m_AnchoredPosition: {x: 4, y: -345}
  m_SizeDelta: {x: 56, y: 67}
  m_Pivot: {x: 0.5, y: 0.5}
--- !u!114 &663847407
MonoBehaviour:
  m_ObjectHideFlags: 0
  m_PrefabParentObject: {fileID: 11433208, guid: 30a446a6928c9574eaa21fe6a1e03ce3,
    type: 2}
  m_PrefabInternal: {fileID: 488659762}
  m_GameObject: {fileID: 663847405}
  m_Enabled: 1
  m_EditorHideFlags: 0
  m_Script: {fileID: 1392445389, guid: f5f67c52d1564df4a8936ccd202a3bd8, type: 3}
  m_Name: 
  m_EditorClassIdentifier: 
  m_Navigation:
    m_Mode: 3
    m_SelectOnUp: {fileID: 0}
    m_SelectOnDown: {fileID: 0}
    m_SelectOnLeft: {fileID: 0}
    m_SelectOnRight: {fileID: 0}
  m_Transition: 1
  m_Colors:
    m_NormalColor: {r: 1, g: 1, b: 1, a: 1}
    m_HighlightedColor: {r: 0.9607843, g: 0.9607843, b: 0.9607843, a: 1}
    m_PressedColor: {r: 0.78431374, g: 0.78431374, b: 0.78431374, a: 1}
    m_DisabledColor: {r: 0.78431374, g: 0.78431374, b: 0.78431374, a: 0.5019608}
    m_ColorMultiplier: 1
    m_FadeDuration: 0.1
  m_SpriteState:
    m_HighlightedSprite: {fileID: 0}
    m_PressedSprite: {fileID: 0}
    m_DisabledSprite: {fileID: 0}
  m_AnimationTriggers:
    m_NormalTrigger: Normal
    m_HighlightedTrigger: Highlighted
    m_PressedTrigger: Pressed
    m_DisabledTrigger: Disabled
  m_Interactable: 1
  m_TargetGraphic: {fileID: 663847408}
  m_OnClick:
    m_PersistentCalls:
      m_Calls: []
    m_TypeName: UnityEngine.UI.Button+ButtonClickedEvent, UnityEngine.UI, Version=1.0.0.0,
      Culture=neutral, PublicKeyToken=null
--- !u!114 &663847408
MonoBehaviour:
  m_ObjectHideFlags: 0
  m_PrefabParentObject: {fileID: 11456762, guid: 30a446a6928c9574eaa21fe6a1e03ce3,
    type: 2}
  m_PrefabInternal: {fileID: 488659762}
  m_GameObject: {fileID: 663847405}
  m_Enabled: 1
  m_EditorHideFlags: 0
  m_Script: {fileID: -765806418, guid: f5f67c52d1564df4a8936ccd202a3bd8, type: 3}
  m_Name: 
  m_EditorClassIdentifier: 
  m_Material: {fileID: 0}
  m_Color: {r: 1, g: 1, b: 1, a: 1}
  m_RaycastTarget: 1
  m_OnCullStateChanged:
    m_PersistentCalls:
      m_Calls: []
    m_TypeName: UnityEngine.UI.MaskableGraphic+CullStateChangedEvent, UnityEngine.UI,
      Version=1.0.0.0, Culture=neutral, PublicKeyToken=null
  m_Sprite: {fileID: 21300000, guid: 7ec47acafbe0c4b79aff5aa9019068ba, type: 3}
  m_Type: 0
  m_PreserveAspect: 0
  m_FillCenter: 1
  m_FillMethod: 4
  m_FillAmount: 1
  m_FillClockwise: 1
  m_FillOrigin: 0
--- !u!222 &663847409
CanvasRenderer:
  m_ObjectHideFlags: 0
  m_PrefabParentObject: {fileID: 22269562, guid: 30a446a6928c9574eaa21fe6a1e03ce3,
    type: 2}
  m_PrefabInternal: {fileID: 488659762}
  m_GameObject: {fileID: 663847405}
--- !u!1 &710426233
GameObject:
  m_ObjectHideFlags: 0
  m_PrefabParentObject: {fileID: 145552, guid: 30a446a6928c9574eaa21fe6a1e03ce3, type: 2}
  m_PrefabInternal: {fileID: 488659762}
  serializedVersion: 4
  m_Component:
  - 224: {fileID: 710426234}
  - 222: {fileID: 710426237}
  - 114: {fileID: 710426236}
  - 114: {fileID: 710426235}
  m_Layer: 5
  m_Name: Button
  m_TagString: Untagged
  m_Icon: {fileID: 0}
  m_NavMeshLayer: 0
  m_StaticEditorFlags: 0
  m_IsActive: 1
--- !u!224 &710426234
RectTransform:
  m_ObjectHideFlags: 0
  m_PrefabParentObject: {fileID: 22462822, guid: 30a446a6928c9574eaa21fe6a1e03ce3,
    type: 2}
  m_PrefabInternal: {fileID: 488659762}
  m_GameObject: {fileID: 710426233}
  m_LocalRotation: {x: 0, y: 0, z: 0, w: 1}
  m_LocalPosition: {x: 0, y: 0, z: 0}
  m_LocalScale: {x: 0.7, y: 0.7, z: 1}
  m_LocalEulerAnglesHint: {x: 0, y: 0, z: 0}
  m_Children: []
  m_Father: {fileID: 2142088749}
  m_RootOrder: 5
  m_AnchorMin: {x: 0.5, y: 0.5}
  m_AnchorMax: {x: 0.5, y: 0.5}
  m_AnchoredPosition: {x: -571, y: 20}
  m_SizeDelta: {x: 83, y: 67}
  m_Pivot: {x: 0.5, y: 0.5}
--- !u!114 &710426235
MonoBehaviour:
  m_ObjectHideFlags: 0
  m_PrefabParentObject: {fileID: 11473612, guid: 30a446a6928c9574eaa21fe6a1e03ce3,
    type: 2}
  m_PrefabInternal: {fileID: 488659762}
  m_GameObject: {fileID: 710426233}
  m_Enabled: 1
  m_EditorHideFlags: 0
  m_Script: {fileID: 1392445389, guid: f5f67c52d1564df4a8936ccd202a3bd8, type: 3}
  m_Name: 
  m_EditorClassIdentifier: 
  m_Navigation:
    m_Mode: 3
    m_SelectOnUp: {fileID: 0}
    m_SelectOnDown: {fileID: 0}
    m_SelectOnLeft: {fileID: 0}
    m_SelectOnRight: {fileID: 0}
  m_Transition: 1
  m_Colors:
    m_NormalColor: {r: 1, g: 1, b: 1, a: 1}
    m_HighlightedColor: {r: 0.9607843, g: 0.9607843, b: 0.9607843, a: 1}
    m_PressedColor: {r: 0.78431374, g: 0.78431374, b: 0.78431374, a: 1}
    m_DisabledColor: {r: 0.78431374, g: 0.78431374, b: 0.78431374, a: 0.5019608}
    m_ColorMultiplier: 1
    m_FadeDuration: 0.1
  m_SpriteState:
    m_HighlightedSprite: {fileID: 0}
    m_PressedSprite: {fileID: 0}
    m_DisabledSprite: {fileID: 0}
  m_AnimationTriggers:
    m_NormalTrigger: Normal
    m_HighlightedTrigger: Highlighted
    m_PressedTrigger: Pressed
    m_DisabledTrigger: Disabled
  m_Interactable: 1
  m_TargetGraphic: {fileID: 710426236}
  m_OnClick:
    m_PersistentCalls:
      m_Calls: []
    m_TypeName: UnityEngine.UI.Button+ButtonClickedEvent, UnityEngine.UI, Version=1.0.0.0,
      Culture=neutral, PublicKeyToken=null
--- !u!114 &710426236
MonoBehaviour:
  m_ObjectHideFlags: 0
  m_PrefabParentObject: {fileID: 11464180, guid: 30a446a6928c9574eaa21fe6a1e03ce3,
    type: 2}
  m_PrefabInternal: {fileID: 488659762}
  m_GameObject: {fileID: 710426233}
  m_Enabled: 1
  m_EditorHideFlags: 0
  m_Script: {fileID: -765806418, guid: f5f67c52d1564df4a8936ccd202a3bd8, type: 3}
  m_Name: 
  m_EditorClassIdentifier: 
  m_Material: {fileID: 0}
  m_Color: {r: 1, g: 1, b: 1, a: 1}
  m_RaycastTarget: 1
  m_OnCullStateChanged:
    m_PersistentCalls:
      m_Calls: []
    m_TypeName: UnityEngine.UI.MaskableGraphic+CullStateChangedEvent, UnityEngine.UI,
      Version=1.0.0.0, Culture=neutral, PublicKeyToken=null
  m_Sprite: {fileID: 21300000, guid: 77534365ccebed545aaf5bd56a39bf79, type: 3}
  m_Type: 0
  m_PreserveAspect: 0
  m_FillCenter: 1
  m_FillMethod: 4
  m_FillAmount: 1
  m_FillClockwise: 1
  m_FillOrigin: 0
--- !u!222 &710426237
CanvasRenderer:
  m_ObjectHideFlags: 0
  m_PrefabParentObject: {fileID: 22237052, guid: 30a446a6928c9574eaa21fe6a1e03ce3,
    type: 2}
  m_PrefabInternal: {fileID: 488659762}
  m_GameObject: {fileID: 710426233}
--- !u!1 &763452029
GameObject:
  m_ObjectHideFlags: 0
  m_PrefabParentObject: {fileID: 149870, guid: 30a446a6928c9574eaa21fe6a1e03ce3, type: 2}
  m_PrefabInternal: {fileID: 488659762}
  serializedVersion: 4
  m_Component:
  - 224: {fileID: 763452033}
  - 223: {fileID: 763452032}
  - 114: {fileID: 763452031}
  - 114: {fileID: 763452030}
  m_Layer: 5
  m_Name: MusicApp
  m_TagString: Untagged
  m_Icon: {fileID: 0}
  m_NavMeshLayer: 0
  m_StaticEditorFlags: 0
  m_IsActive: 1
--- !u!114 &763452030
MonoBehaviour:
  m_ObjectHideFlags: 0
  m_PrefabParentObject: {fileID: 11479568, guid: 30a446a6928c9574eaa21fe6a1e03ce3,
    type: 2}
  m_PrefabInternal: {fileID: 488659762}
  m_GameObject: {fileID: 763452029}
  m_Enabled: 1
  m_EditorHideFlags: 0
  m_Script: {fileID: 1301386320, guid: f5f67c52d1564df4a8936ccd202a3bd8, type: 3}
  m_Name: 
  m_EditorClassIdentifier: 
  m_IgnoreReversedGraphics: 1
  m_BlockingObjects: 0
  m_BlockingMask:
    serializedVersion: 2
    m_Bits: 4294967295
--- !u!114 &763452031
MonoBehaviour:
  m_ObjectHideFlags: 0
  m_PrefabParentObject: {fileID: 11410458, guid: 30a446a6928c9574eaa21fe6a1e03ce3,
    type: 2}
  m_PrefabInternal: {fileID: 488659762}
  m_GameObject: {fileID: 763452029}
  m_Enabled: 1
  m_EditorHideFlags: 0
  m_Script: {fileID: 1980459831, guid: f5f67c52d1564df4a8936ccd202a3bd8, type: 3}
  m_Name: 
  m_EditorClassIdentifier: 
  m_UiScaleMode: 1
  m_ReferencePixelsPerUnit: 100
  m_ScaleFactor: 1
  m_ReferenceResolution: {x: 1920, y: 1080}
  m_ScreenMatchMode: 0
  m_MatchWidthOrHeight: 0
  m_PhysicalUnit: 3
  m_FallbackScreenDPI: 96
  m_DefaultSpriteDPI: 96
  m_DynamicPixelsPerUnit: 1
--- !u!223 &763452032
Canvas:
  m_ObjectHideFlags: 0
  m_PrefabParentObject: {fileID: 22306500, guid: 30a446a6928c9574eaa21fe6a1e03ce3,
    type: 2}
  m_PrefabInternal: {fileID: 488659762}
  m_GameObject: {fileID: 763452029}
  m_Enabled: 1
  serializedVersion: 2
  m_RenderMode: 0
  m_Camera: {fileID: 0}
  m_PlaneDistance: 100
  m_PixelPerfect: 1
  m_ReceivesEvents: 1
  m_OverrideSorting: 0
  m_OverridePixelPerfect: 0
  m_SortingBucketNormalizedSize: 0
  m_SortingLayerID: 0
  m_SortingOrder: 0
  m_TargetDisplay: 0
--- !u!224 &763452033
RectTransform:
  m_ObjectHideFlags: 0
  m_PrefabParentObject: {fileID: 22484934, guid: 30a446a6928c9574eaa21fe6a1e03ce3,
    type: 2}
  m_PrefabInternal: {fileID: 488659762}
  m_GameObject: {fileID: 763452029}
  m_LocalRotation: {x: 0, y: 0, z: 0, w: 1}
  m_LocalPosition: {x: 0, y: 0, z: 0}
  m_LocalScale: {x: 0, y: 0, z: 0}
  m_LocalEulerAnglesHint: {x: 0, y: 0, z: 0}
  m_Children:
  - {fileID: 382697863}
  - {fileID: 2142088749}
  m_Father: {fileID: 0}
  m_RootOrder: 0
  m_AnchorMin: {x: 0, y: 0}
  m_AnchorMax: {x: 0, y: 0}
  m_AnchoredPosition: {x: 0, y: 0}
  m_SizeDelta: {x: 0, y: 0}
  m_Pivot: {x: 0, y: 0}
--- !u!1 &775172886
GameObject:
  m_ObjectHideFlags: 0
  m_PrefabParentObject: {fileID: 129048, guid: 30a446a6928c9574eaa21fe6a1e03ce3, type: 2}
  m_PrefabInternal: {fileID: 488659762}
  serializedVersion: 4
  m_Component:
  - 224: {fileID: 775172887}
  - 222: {fileID: 775172889}
  - 114: {fileID: 775172888}
  m_Layer: 5
  m_Name: Image
  m_TagString: Untagged
  m_Icon: {fileID: 0}
  m_NavMeshLayer: 0
  m_StaticEditorFlags: 0
  m_IsActive: 1
--- !u!224 &775172887
RectTransform:
  m_ObjectHideFlags: 0
  m_PrefabParentObject: {fileID: 22483026, guid: 30a446a6928c9574eaa21fe6a1e03ce3,
    type: 2}
  m_PrefabInternal: {fileID: 488659762}
  m_GameObject: {fileID: 775172886}
  m_LocalRotation: {x: 0, y: 0, z: 0, w: 1}
  m_LocalPosition: {x: 0, y: 0, z: 0}
  m_LocalScale: {x: 1, y: 1, z: 1}
  m_LocalEulerAnglesHint: {x: 0, y: 0, z: 0}
  m_Children: []
  m_Father: {fileID: 527898827}
  m_RootOrder: 0
  m_AnchorMin: {x: 0.5, y: 0.5}
  m_AnchorMax: {x: 0.5, y: 0.5}
  m_AnchoredPosition: {x: 0, y: 43}
  m_SizeDelta: {x: 631, y: 885}
  m_Pivot: {x: 0.5, y: 0.5}
--- !u!114 &775172888
MonoBehaviour:
  m_ObjectHideFlags: 0
  m_PrefabParentObject: {fileID: 11401084, guid: 30a446a6928c9574eaa21fe6a1e03ce3,
    type: 2}
  m_PrefabInternal: {fileID: 488659762}
  m_GameObject: {fileID: 775172886}
  m_Enabled: 1
  m_EditorHideFlags: 0
  m_Script: {fileID: -765806418, guid: f5f67c52d1564df4a8936ccd202a3bd8, type: 3}
  m_Name: 
  m_EditorClassIdentifier: 
  m_Material: {fileID: 0}
  m_Color: {r: 0.86764705, g: 0.86764705, b: 0.86764705, a: 1}
  m_RaycastTarget: 1
  m_OnCullStateChanged:
    m_PersistentCalls:
      m_Calls: []
    m_TypeName: UnityEngine.UI.MaskableGraphic+CullStateChangedEvent, UnityEngine.UI,
      Version=1.0.0.0, Culture=neutral, PublicKeyToken=null
  m_Sprite: {fileID: 21300000, guid: 11619e2e053004f64a8e9c75c0b74b0f, type: 3}
  m_Type: 0
  m_PreserveAspect: 0
  m_FillCenter: 1
  m_FillMethod: 4
  m_FillAmount: 1
  m_FillClockwise: 1
  m_FillOrigin: 0
--- !u!222 &775172889
CanvasRenderer:
  m_ObjectHideFlags: 0
  m_PrefabParentObject: {fileID: 22281458, guid: 30a446a6928c9574eaa21fe6a1e03ce3,
    type: 2}
  m_PrefabInternal: {fileID: 488659762}
  m_GameObject: {fileID: 775172886}
--- !u!1 &786704793
GameObject:
  m_ObjectHideFlags: 0
  m_PrefabParentObject: {fileID: 189946, guid: 30a446a6928c9574eaa21fe6a1e03ce3, type: 2}
  m_PrefabInternal: {fileID: 488659762}
  serializedVersion: 4
  m_Component:
  - 224: {fileID: 786704794}
  - 222: {fileID: 786704796}
  - 114: {fileID: 786704795}
  m_Layer: 5
  m_Name: Text
  m_TagString: Untagged
  m_Icon: {fileID: 0}
  m_NavMeshLayer: 0
  m_StaticEditorFlags: 0
  m_IsActive: 1
--- !u!224 &786704794
RectTransform:
  m_ObjectHideFlags: 0
  m_PrefabParentObject: {fileID: 22461150, guid: 30a446a6928c9574eaa21fe6a1e03ce3,
    type: 2}
  m_PrefabInternal: {fileID: 488659762}
  m_GameObject: {fileID: 786704793}
  m_LocalRotation: {x: 0, y: 0, z: 0, w: 1}
  m_LocalPosition: {x: 0, y: 0, z: 0}
  m_LocalScale: {x: 1, y: 1, z: 1}
  m_LocalEulerAnglesHint: {x: 0, y: 0, z: 0}
  m_Children: []
  m_Father: {fileID: 2142088749}
  m_RootOrder: 10
  m_AnchorMin: {x: 0.5, y: 0.5}
  m_AnchorMax: {x: 0.5, y: 0.5}
  m_AnchoredPosition: {x: 0, y: 94}
  m_SizeDelta: {x: 314, y: 108}
  m_Pivot: {x: 0.5, y: 0.5}
--- !u!114 &786704795
MonoBehaviour:
  m_ObjectHideFlags: 0
  m_PrefabParentObject: {fileID: 11432802, guid: 30a446a6928c9574eaa21fe6a1e03ce3,
    type: 2}
  m_PrefabInternal: {fileID: 488659762}
  m_GameObject: {fileID: 786704793}
  m_Enabled: 1
  m_EditorHideFlags: 0
  m_Script: {fileID: 708705254, guid: f5f67c52d1564df4a8936ccd202a3bd8, type: 3}
  m_Name: 
  m_EditorClassIdentifier: 
  m_Material: {fileID: 0}
  m_Color: {r: 1, g: 1, b: 1, a: 1}
  m_RaycastTarget: 1
  m_OnCullStateChanged:
    m_PersistentCalls:
      m_Calls: []
    m_TypeName: UnityEngine.UI.MaskableGraphic+CullStateChangedEvent, UnityEngine.UI,
      Version=1.0.0.0, Culture=neutral, PublicKeyToken=null
  m_FontData:
    m_Font: {fileID: 12800000, guid: 218956a5c2a6e42d6a60afccf80b002b, type: 3}
    m_FontSize: 22
    m_FontStyle: 0
    m_BestFit: 0
    m_MinSize: 10
    m_MaxSize: 40
    m_Alignment: 4
    m_AlignByGeometry: 0
    m_RichText: 1
    m_HorizontalOverflow: 0
    m_VerticalOverflow: 0
    m_LineSpacing: 1
  m_Text: GINGER RUNNER
--- !u!222 &786704796
CanvasRenderer:
  m_ObjectHideFlags: 0
  m_PrefabParentObject: {fileID: 22213508, guid: 30a446a6928c9574eaa21fe6a1e03ce3,
    type: 2}
  m_PrefabInternal: {fileID: 488659762}
  m_GameObject: {fileID: 786704793}
--- !u!1 &814291599
GameObject:
  m_ObjectHideFlags: 0
  m_PrefabParentObject: {fileID: 133646, guid: 30a446a6928c9574eaa21fe6a1e03ce3, type: 2}
  m_PrefabInternal: {fileID: 488659762}
  serializedVersion: 4
  m_Component:
  - 224: {fileID: 814291600}
  - 222: {fileID: 814291602}
  - 114: {fileID: 814291601}
  m_Layer: 5
  m_Name: Fill
  m_TagString: Untagged
  m_Icon: {fileID: 0}
  m_NavMeshLayer: 0
  m_StaticEditorFlags: 0
  m_IsActive: 1
--- !u!224 &814291600
RectTransform:
  m_ObjectHideFlags: 0
  m_PrefabParentObject: {fileID: 22446626, guid: 30a446a6928c9574eaa21fe6a1e03ce3,
    type: 2}
  m_PrefabInternal: {fileID: 488659762}
  m_GameObject: {fileID: 814291599}
  m_LocalRotation: {x: 0, y: 0, z: 0, w: 1}
  m_LocalPosition: {x: 0, y: 0, z: 0}
  m_LocalScale: {x: 1, y: 1, z: 1}
  m_LocalEulerAnglesHint: {x: 0, y: 0, z: 0}
  m_Children: []
  m_Father: {fileID: 1912847550}
  m_RootOrder: 0
  m_AnchorMin: {x: 0, y: 0}
  m_AnchorMax: {x: 0, y: 0}
  m_AnchoredPosition: {x: 2.5000014, y: 0}
  m_SizeDelta: {x: 5, y: -6}
  m_Pivot: {x: 0.5, y: 0.5}
--- !u!114 &814291601
MonoBehaviour:
  m_ObjectHideFlags: 0
  m_PrefabParentObject: {fileID: 11415940, guid: 30a446a6928c9574eaa21fe6a1e03ce3,
    type: 2}
  m_PrefabInternal: {fileID: 488659762}
  m_GameObject: {fileID: 814291599}
  m_Enabled: 1
  m_EditorHideFlags: 0
  m_Script: {fileID: -765806418, guid: f5f67c52d1564df4a8936ccd202a3bd8, type: 3}
  m_Name: 
  m_EditorClassIdentifier: 
  m_Material: {fileID: 0}
  m_Color: {r: 1, g: 1, b: 1, a: 1}
  m_RaycastTarget: 1
  m_OnCullStateChanged:
    m_PersistentCalls:
      m_Calls: []
    m_TypeName: UnityEngine.UI.MaskableGraphic+CullStateChangedEvent, UnityEngine.UI,
      Version=1.0.0.0, Culture=neutral, PublicKeyToken=null
  m_Sprite: {fileID: 21300000, guid: 7ed1238760b863f4aafde32ab3a6f28c, type: 3}
  m_Type: 1
  m_PreserveAspect: 0
  m_FillCenter: 1
  m_FillMethod: 4
  m_FillAmount: 1
  m_FillClockwise: 1
  m_FillOrigin: 0
--- !u!222 &814291602
CanvasRenderer:
  m_ObjectHideFlags: 0
  m_PrefabParentObject: {fileID: 22212330, guid: 30a446a6928c9574eaa21fe6a1e03ce3,
    type: 2}
  m_PrefabInternal: {fileID: 488659762}
  m_GameObject: {fileID: 814291599}
--- !u!1 &837563392
GameObject:
  m_ObjectHideFlags: 0
  m_PrefabParentObject: {fileID: 152334, guid: 30a446a6928c9574eaa21fe6a1e03ce3, type: 2}
  m_PrefabInternal: {fileID: 488659762}
  serializedVersion: 4
  m_Component:
  - 224: {fileID: 837563393}
  - 222: {fileID: 837563396}
  - 114: {fileID: 837563395}
  - 114: {fileID: 837563394}
  m_Layer: 5
  m_Name: Button
  m_TagString: Untagged
  m_Icon: {fileID: 0}
  m_NavMeshLayer: 0
  m_StaticEditorFlags: 0
  m_IsActive: 1
--- !u!224 &837563393
RectTransform:
  m_ObjectHideFlags: 0
  m_PrefabParentObject: {fileID: 22428678, guid: 30a446a6928c9574eaa21fe6a1e03ce3,
    type: 2}
  m_PrefabInternal: {fileID: 488659762}
  m_GameObject: {fileID: 837563392}
  m_LocalRotation: {x: 0, y: 0, z: 0.7071068, w: 0.7071068}
  m_LocalPosition: {x: 0, y: 0, z: 0}
  m_LocalScale: {x: 0.7, y: 0.7, z: 1}
  m_LocalEulerAnglesHint: {x: 0, y: 0, z: 0}
  m_Children: []
  m_Father: {fileID: 2142088749}
  m_RootOrder: 7
  m_AnchorMin: {x: 0.5, y: 0.5}
  m_AnchorMax: {x: 0.5, y: 0.5}
  m_AnchoredPosition: {x: -571, y: 582}
  m_SizeDelta: {x: 82, y: 94}
  m_Pivot: {x: 0.5, y: 0.5}
--- !u!114 &837563394
MonoBehaviour:
  m_ObjectHideFlags: 0
  m_PrefabParentObject: {fileID: 11441454, guid: 30a446a6928c9574eaa21fe6a1e03ce3,
    type: 2}
  m_PrefabInternal: {fileID: 488659762}
  m_GameObject: {fileID: 837563392}
  m_Enabled: 1
  m_EditorHideFlags: 0
  m_Script: {fileID: 1392445389, guid: f5f67c52d1564df4a8936ccd202a3bd8, type: 3}
  m_Name: 
  m_EditorClassIdentifier: 
  m_Navigation:
    m_Mode: 3
    m_SelectOnUp: {fileID: 0}
    m_SelectOnDown: {fileID: 0}
    m_SelectOnLeft: {fileID: 0}
    m_SelectOnRight: {fileID: 0}
  m_Transition: 1
  m_Colors:
    m_NormalColor: {r: 1, g: 1, b: 1, a: 1}
    m_HighlightedColor: {r: 0.9607843, g: 0.9607843, b: 0.9607843, a: 1}
    m_PressedColor: {r: 0.78431374, g: 0.78431374, b: 0.78431374, a: 1}
    m_DisabledColor: {r: 0.78431374, g: 0.78431374, b: 0.78431374, a: 0.5019608}
    m_ColorMultiplier: 1
    m_FadeDuration: 0.1
  m_SpriteState:
    m_HighlightedSprite: {fileID: 0}
    m_PressedSprite: {fileID: 0}
    m_DisabledSprite: {fileID: 0}
  m_AnimationTriggers:
    m_NormalTrigger: Normal
    m_HighlightedTrigger: Highlighted
    m_PressedTrigger: Pressed
    m_DisabledTrigger: Disabled
  m_Interactable: 1
  m_TargetGraphic: {fileID: 837563395}
  m_OnClick:
    m_PersistentCalls:
      m_Calls: []
    m_TypeName: UnityEngine.UI.Button+ButtonClickedEvent, UnityEngine.UI, Version=1.0.0.0,
      Culture=neutral, PublicKeyToken=null
--- !u!114 &837563395
MonoBehaviour:
  m_ObjectHideFlags: 0
  m_PrefabParentObject: {fileID: 11496758, guid: 30a446a6928c9574eaa21fe6a1e03ce3,
    type: 2}
  m_PrefabInternal: {fileID: 488659762}
  m_GameObject: {fileID: 837563392}
  m_Enabled: 1
  m_EditorHideFlags: 0
  m_Script: {fileID: -765806418, guid: f5f67c52d1564df4a8936ccd202a3bd8, type: 3}
  m_Name: 
  m_EditorClassIdentifier: 
  m_Material: {fileID: 0}
  m_Color: {r: 1, g: 1, b: 1, a: 1}
  m_RaycastTarget: 1
  m_OnCullStateChanged:
    m_PersistentCalls:
      m_Calls: []
    m_TypeName: UnityEngine.UI.MaskableGraphic+CullStateChangedEvent, UnityEngine.UI,
      Version=1.0.0.0, Culture=neutral, PublicKeyToken=null
  m_Sprite: {fileID: 21300000, guid: 77c85ba225b9c11419bd335565a46bdf, type: 3}
  m_Type: 0
  m_PreserveAspect: 0
  m_FillCenter: 1
  m_FillMethod: 4
  m_FillAmount: 1
  m_FillClockwise: 1
  m_FillOrigin: 0
--- !u!222 &837563396
CanvasRenderer:
  m_ObjectHideFlags: 0
  m_PrefabParentObject: {fileID: 22267060, guid: 30a446a6928c9574eaa21fe6a1e03ce3,
    type: 2}
  m_PrefabInternal: {fileID: 488659762}
  m_GameObject: {fileID: 837563392}
--- !u!1 &936292555
GameObject:
  m_ObjectHideFlags: 0
  m_PrefabParentObject: {fileID: 124244, guid: 30a446a6928c9574eaa21fe6a1e03ce3, type: 2}
  m_PrefabInternal: {fileID: 488659762}
  serializedVersion: 4
  m_Component:
  - 224: {fileID: 936292556}
  - 222: {fileID: 936292558}
  - 114: {fileID: 936292557}
  m_Layer: 5
  m_Name: Text
  m_TagString: Untagged
  m_Icon: {fileID: 0}
  m_NavMeshLayer: 0
  m_StaticEditorFlags: 0
  m_IsActive: 1
--- !u!224 &936292556
RectTransform:
  m_ObjectHideFlags: 0
  m_PrefabParentObject: {fileID: 22430806, guid: 30a446a6928c9574eaa21fe6a1e03ce3,
    type: 2}
  m_PrefabInternal: {fileID: 488659762}
  m_GameObject: {fileID: 936292555}
  m_LocalRotation: {x: 0, y: 0, z: 0, w: 1}
  m_LocalPosition: {x: 0, y: 0, z: 0}
  m_LocalScale: {x: 1, y: 1, z: 1}
  m_LocalEulerAnglesHint: {x: 0, y: 0, z: 0}
  m_Children: []
  m_Father: {fileID: 1660015291}
  m_RootOrder: 3
  m_AnchorMin: {x: 0.5, y: 0.5}
  m_AnchorMax: {x: 0.5, y: 0.5}
  m_AnchoredPosition: {x: -563, y: 0}
  m_SizeDelta: {x: 73, y: 48}
  m_Pivot: {x: 0.5, y: 0.5}
--- !u!114 &936292557
MonoBehaviour:
  m_ObjectHideFlags: 0
  m_PrefabParentObject: {fileID: 11434296, guid: 30a446a6928c9574eaa21fe6a1e03ce3,
    type: 2}
  m_PrefabInternal: {fileID: 488659762}
  m_GameObject: {fileID: 936292555}
  m_Enabled: 1
  m_EditorHideFlags: 0
  m_Script: {fileID: 708705254, guid: f5f67c52d1564df4a8936ccd202a3bd8, type: 3}
  m_Name: 
  m_EditorClassIdentifier: 
  m_Material: {fileID: 0}
  m_Color: {r: 1, g: 1, b: 1, a: 1}
  m_RaycastTarget: 1
  m_OnCullStateChanged:
    m_PersistentCalls:
      m_Calls: []
    m_TypeName: UnityEngine.UI.MaskableGraphic+CullStateChangedEvent, UnityEngine.UI,
      Version=1.0.0.0, Culture=neutral, PublicKeyToken=null
  m_FontData:
    m_Font: {fileID: 12800000, guid: bd1ea67ca2b5742d1a24fcbdc17c55e1, type: 3}
    m_FontSize: 24
    m_FontStyle: 0
    m_BestFit: 0
    m_MinSize: 10
    m_MaxSize: 40
    m_Alignment: 3
    m_AlignByGeometry: 0
    m_RichText: 1
    m_HorizontalOverflow: 0
    m_VerticalOverflow: 0
    m_LineSpacing: 1
  m_Text: 0:00
--- !u!222 &936292558
CanvasRenderer:
  m_ObjectHideFlags: 0
  m_PrefabParentObject: {fileID: 22261918, guid: 30a446a6928c9574eaa21fe6a1e03ce3,
    type: 2}
  m_PrefabInternal: {fileID: 488659762}
  m_GameObject: {fileID: 936292555}
--- !u!1 &945691550
GameObject:
  m_ObjectHideFlags: 0
  m_PrefabParentObject: {fileID: 108052, guid: 30a446a6928c9574eaa21fe6a1e03ce3, type: 2}
  m_PrefabInternal: {fileID: 488659762}
  serializedVersion: 4
  m_Component:
  - 224: {fileID: 945691551}
  - 222: {fileID: 945691553}
  - 114: {fileID: 945691552}
  m_Layer: 5
  m_Name: BottomPanel
  m_TagString: Untagged
  m_Icon: {fileID: 0}
  m_NavMeshLayer: 0
  m_StaticEditorFlags: 0
  m_IsActive: 1
--- !u!224 &945691551
RectTransform:
  m_ObjectHideFlags: 0
  m_PrefabParentObject: {fileID: 22451386, guid: 30a446a6928c9574eaa21fe6a1e03ce3,
    type: 2}
  m_PrefabInternal: {fileID: 488659762}
  m_GameObject: {fileID: 945691550}
  m_LocalRotation: {x: 0, y: 0, z: 0, w: 1}
  m_LocalPosition: {x: 0, y: 0, z: 0}
  m_LocalScale: {x: 1, y: 1, z: 1}
  m_LocalEulerAnglesHint: {x: 0, y: 0, z: 0}
  m_Children:
  - {fileID: 536874075}
  m_Father: {fileID: 2142088749}
  m_RootOrder: 13
  m_AnchorMin: {x: 0.5, y: 0.5}
  m_AnchorMax: {x: 0.5, y: 0.5}
  m_AnchoredPosition: {x: 0, y: -581}
  m_SizeDelta: {x: 2400, y: 188}
  m_Pivot: {x: 0.5, y: 0.5}
--- !u!114 &945691552
MonoBehaviour:
  m_ObjectHideFlags: 0
  m_PrefabParentObject: {fileID: 11427794, guid: 30a446a6928c9574eaa21fe6a1e03ce3,
    type: 2}
  m_PrefabInternal: {fileID: 488659762}
  m_GameObject: {fileID: 945691550}
  m_Enabled: 1
  m_EditorHideFlags: 0
  m_Script: {fileID: -765806418, guid: f5f67c52d1564df4a8936ccd202a3bd8, type: 3}
  m_Name: 
  m_EditorClassIdentifier: 
  m_Material: {fileID: 0}
  m_Color: {r: 0.12156863, g: 0.12156863, b: 0.12156863, a: 1}
  m_RaycastTarget: 1
  m_OnCullStateChanged:
    m_PersistentCalls:
      m_Calls: []
    m_TypeName: UnityEngine.UI.MaskableGraphic+CullStateChangedEvent, UnityEngine.UI,
      Version=1.0.0.0, Culture=neutral, PublicKeyToken=null
  m_Sprite: {fileID: 21300000, guid: 7ed1238760b863f4aafde32ab3a6f28c, type: 3}
  m_Type: 1
  m_PreserveAspect: 0
  m_FillCenter: 1
  m_FillMethod: 4
  m_FillAmount: 1
  m_FillClockwise: 1
  m_FillOrigin: 0
--- !u!222 &945691553
CanvasRenderer:
  m_ObjectHideFlags: 0
  m_PrefabParentObject: {fileID: 22215368, guid: 30a446a6928c9574eaa21fe6a1e03ce3,
    type: 2}
  m_PrefabInternal: {fileID: 488659762}
  m_GameObject: {fileID: 945691550}
--- !u!1 &948104171
GameObject:
  m_ObjectHideFlags: 0
  m_PrefabParentObject: {fileID: 106282, guid: 30a446a6928c9574eaa21fe6a1e03ce3, type: 2}
  m_PrefabInternal: {fileID: 488659762}
  serializedVersion: 4
  m_Component:
  - 224: {fileID: 948104172}
  - 222: {fileID: 948104174}
  - 114: {fileID: 948104173}
  m_Layer: 5
  m_Name: Text
  m_TagString: Untagged
  m_Icon: {fileID: 0}
  m_NavMeshLayer: 0
  m_StaticEditorFlags: 0
  m_IsActive: 1
--- !u!224 &948104172
RectTransform:
  m_ObjectHideFlags: 0
  m_PrefabParentObject: {fileID: 22446198, guid: 30a446a6928c9574eaa21fe6a1e03ce3,
    type: 2}
  m_PrefabInternal: {fileID: 488659762}
  m_GameObject: {fileID: 948104171}
  m_LocalRotation: {x: 0, y: 0, z: 0, w: 1}
  m_LocalPosition: {x: 0, y: 0, z: 0}
  m_LocalScale: {x: 1, y: 1, z: 1}
  m_LocalEulerAnglesHint: {x: 0, y: 0, z: 0}
  m_Children: []
  m_Father: {fileID: 1660015291}
  m_RootOrder: 4
  m_AnchorMin: {x: 0.5, y: 0.5}
  m_AnchorMax: {x: 0.5, y: 0.5}
  m_AnchoredPosition: {x: 550, y: 0}
  m_SizeDelta: {x: 73, y: 48}
  m_Pivot: {x: 0.5, y: 0.5}
--- !u!114 &948104173
MonoBehaviour:
  m_ObjectHideFlags: 0
  m_PrefabParentObject: {fileID: 11498634, guid: 30a446a6928c9574eaa21fe6a1e03ce3,
    type: 2}
  m_PrefabInternal: {fileID: 488659762}
  m_GameObject: {fileID: 948104171}
  m_Enabled: 1
  m_EditorHideFlags: 0
  m_Script: {fileID: 708705254, guid: f5f67c52d1564df4a8936ccd202a3bd8, type: 3}
  m_Name: 
  m_EditorClassIdentifier: 
  m_Material: {fileID: 0}
  m_Color: {r: 1, g: 1, b: 1, a: 1}
  m_RaycastTarget: 1
  m_OnCullStateChanged:
    m_PersistentCalls:
      m_Calls: []
    m_TypeName: UnityEngine.UI.MaskableGraphic+CullStateChangedEvent, UnityEngine.UI,
      Version=1.0.0.0, Culture=neutral, PublicKeyToken=null
  m_FontData:
    m_Font: {fileID: 12800000, guid: bd1ea67ca2b5742d1a24fcbdc17c55e1, type: 3}
    m_FontSize: 24
    m_FontStyle: 0
    m_BestFit: 0
    m_MinSize: 10
    m_MaxSize: 40
    m_Alignment: 5
    m_AlignByGeometry: 0
    m_RichText: 1
    m_HorizontalOverflow: 0
    m_VerticalOverflow: 0
    m_LineSpacing: 1
  m_Text: -3:28
--- !u!222 &948104174
CanvasRenderer:
  m_ObjectHideFlags: 0
  m_PrefabParentObject: {fileID: 22259554, guid: 30a446a6928c9574eaa21fe6a1e03ce3,
    type: 2}
  m_PrefabInternal: {fileID: 488659762}
  m_GameObject: {fileID: 948104171}
--- !u!1 &955091367
GameObject:
  m_ObjectHideFlags: 0
  m_PrefabParentObject: {fileID: 187882, guid: 30a446a6928c9574eaa21fe6a1e03ce3, type: 2}
  m_PrefabInternal: {fileID: 488659762}
  serializedVersion: 4
  m_Component:
  - 224: {fileID: 955091368}
  - 222: {fileID: 955091370}
  - 114: {fileID: 955091369}
  m_Layer: 5
  m_Name: Handle
  m_TagString: Untagged
  m_Icon: {fileID: 0}
  m_NavMeshLayer: 0
  m_StaticEditorFlags: 0
  m_IsActive: 1
--- !u!224 &955091368
RectTransform:
  m_ObjectHideFlags: 0
  m_PrefabParentObject: {fileID: 22455616, guid: 30a446a6928c9574eaa21fe6a1e03ce3,
    type: 2}
  m_PrefabInternal: {fileID: 488659762}
  m_GameObject: {fileID: 955091367}
  m_LocalRotation: {x: 0, y: 0, z: 0, w: 1}
  m_LocalPosition: {x: 0, y: 0, z: 0}
  m_LocalScale: {x: 1, y: 1, z: 1}
  m_LocalEulerAnglesHint: {x: 0, y: 0, z: 0}
  m_Children: []
  m_Father: {fileID: 528185145}
  m_RootOrder: 0
  m_AnchorMin: {x: 0, y: 0}
  m_AnchorMax: {x: 0, y: 0}
  m_AnchoredPosition: {x: 0, y: 0}
  m_SizeDelta: {x: 37.3, y: -0}
  m_Pivot: {x: 0.5, y: 0}
--- !u!114 &955091369
MonoBehaviour:
  m_ObjectHideFlags: 0
  m_PrefabParentObject: {fileID: 11454616, guid: 30a446a6928c9574eaa21fe6a1e03ce3,
    type: 2}
  m_PrefabInternal: {fileID: 488659762}
  m_GameObject: {fileID: 955091367}
  m_Enabled: 1
  m_EditorHideFlags: 0
  m_Script: {fileID: -765806418, guid: f5f67c52d1564df4a8936ccd202a3bd8, type: 3}
  m_Name: 
  m_EditorClassIdentifier: 
  m_Material: {fileID: 0}
  m_Color: {r: 1, g: 1, b: 1, a: 1}
  m_RaycastTarget: 1
  m_OnCullStateChanged:
    m_PersistentCalls:
      m_Calls: []
    m_TypeName: UnityEngine.UI.MaskableGraphic+CullStateChangedEvent, UnityEngine.UI,
      Version=1.0.0.0, Culture=neutral, PublicKeyToken=null
  m_Sprite: {fileID: 21300000, guid: f04f7faa5cfd8444a9b61e426135725f, type: 3}
  m_Type: 0
  m_PreserveAspect: 0
  m_FillCenter: 1
  m_FillMethod: 4
  m_FillAmount: 1
  m_FillClockwise: 1
  m_FillOrigin: 0
--- !u!222 &955091370
CanvasRenderer:
  m_ObjectHideFlags: 0
  m_PrefabParentObject: {fileID: 22231880, guid: 30a446a6928c9574eaa21fe6a1e03ce3,
    type: 2}
  m_PrefabInternal: {fileID: 488659762}
  m_GameObject: {fileID: 955091367}
--- !u!1 &1045130053
GameObject:
  m_ObjectHideFlags: 0
  m_PrefabParentObject: {fileID: 184230, guid: 30a446a6928c9574eaa21fe6a1e03ce3, type: 2}
  m_PrefabInternal: {fileID: 488659762}
  serializedVersion: 4
  m_Component:
  - 224: {fileID: 1045130054}
  - 222: {fileID: 1045130057}
  - 114: {fileID: 1045130056}
  - 114: {fileID: 1045130055}
  m_Layer: 5
  m_Name: Button
  m_TagString: Untagged
  m_Icon: {fileID: 0}
  m_NavMeshLayer: 0
  m_StaticEditorFlags: 0
  m_IsActive: 1
--- !u!224 &1045130054
RectTransform:
  m_ObjectHideFlags: 0
  m_PrefabParentObject: {fileID: 22466448, guid: 30a446a6928c9574eaa21fe6a1e03ce3,
    type: 2}
  m_PrefabInternal: {fileID: 488659762}
  m_GameObject: {fileID: 1045130053}
  m_LocalRotation: {x: 0, y: 0, z: 0, w: 1}
  m_LocalPosition: {x: 0, y: 0, z: 0}
  m_LocalScale: {x: 0.7, y: 0.7, z: 1}
  m_LocalEulerAnglesHint: {x: 0, y: 0, z: 0}
  m_Children: []
  m_Father: {fileID: 2142088749}
  m_RootOrder: 6
  m_AnchorMin: {x: 0.5, y: 0.5}
  m_AnchorMax: {x: 0.5, y: 0.5}
  m_AnchoredPosition: {x: 556, y: 18}
  m_SizeDelta: {x: 85, y: 72}
  m_Pivot: {x: 0.5, y: 0.5}
--- !u!114 &1045130055
MonoBehaviour:
  m_ObjectHideFlags: 0
  m_PrefabParentObject: {fileID: 11421644, guid: 30a446a6928c9574eaa21fe6a1e03ce3,
    type: 2}
  m_PrefabInternal: {fileID: 488659762}
  m_GameObject: {fileID: 1045130053}
  m_Enabled: 1
  m_EditorHideFlags: 0
  m_Script: {fileID: 1392445389, guid: f5f67c52d1564df4a8936ccd202a3bd8, type: 3}
  m_Name: 
  m_EditorClassIdentifier: 
  m_Navigation:
    m_Mode: 3
    m_SelectOnUp: {fileID: 0}
    m_SelectOnDown: {fileID: 0}
    m_SelectOnLeft: {fileID: 0}
    m_SelectOnRight: {fileID: 0}
  m_Transition: 1
  m_Colors:
    m_NormalColor: {r: 1, g: 1, b: 1, a: 1}
    m_HighlightedColor: {r: 0.9607843, g: 0.9607843, b: 0.9607843, a: 1}
    m_PressedColor: {r: 0.78431374, g: 0.78431374, b: 0.78431374, a: 1}
    m_DisabledColor: {r: 0.78431374, g: 0.78431374, b: 0.78431374, a: 0.5019608}
    m_ColorMultiplier: 1
    m_FadeDuration: 0.1
  m_SpriteState:
    m_HighlightedSprite: {fileID: 0}
    m_PressedSprite: {fileID: 0}
    m_DisabledSprite: {fileID: 0}
  m_AnimationTriggers:
    m_NormalTrigger: Normal
    m_HighlightedTrigger: Highlighted
    m_PressedTrigger: Pressed
    m_DisabledTrigger: Disabled
  m_Interactable: 1
  m_TargetGraphic: {fileID: 1045130056}
  m_OnClick:
    m_PersistentCalls:
      m_Calls: []
    m_TypeName: UnityEngine.UI.Button+ButtonClickedEvent, UnityEngine.UI, Version=1.0.0.0,
      Culture=neutral, PublicKeyToken=null
--- !u!114 &1045130056
MonoBehaviour:
  m_ObjectHideFlags: 0
  m_PrefabParentObject: {fileID: 11426384, guid: 30a446a6928c9574eaa21fe6a1e03ce3,
    type: 2}
  m_PrefabInternal: {fileID: 488659762}
  m_GameObject: {fileID: 1045130053}
  m_Enabled: 1
  m_EditorHideFlags: 0
  m_Script: {fileID: -765806418, guid: f5f67c52d1564df4a8936ccd202a3bd8, type: 3}
  m_Name: 
  m_EditorClassIdentifier: 
  m_Material: {fileID: 0}
  m_Color: {r: 1, g: 1, b: 1, a: 1}
  m_RaycastTarget: 1
  m_OnCullStateChanged:
    m_PersistentCalls:
      m_Calls: []
    m_TypeName: UnityEngine.UI.MaskableGraphic+CullStateChangedEvent, UnityEngine.UI,
      Version=1.0.0.0, Culture=neutral, PublicKeyToken=null
  m_Sprite: {fileID: 21300000, guid: dd6309765ce5d07468835b8c915f2ca0, type: 3}
  m_Type: 0
  m_PreserveAspect: 0
  m_FillCenter: 1
  m_FillMethod: 4
  m_FillAmount: 1
  m_FillClockwise: 1
  m_FillOrigin: 0
--- !u!222 &1045130057
CanvasRenderer:
  m_ObjectHideFlags: 0
  m_PrefabParentObject: {fileID: 22288140, guid: 30a446a6928c9574eaa21fe6a1e03ce3,
    type: 2}
  m_PrefabInternal: {fileID: 488659762}
  m_GameObject: {fileID: 1045130053}
--- !u!1 &1061667720
GameObject:
  m_ObjectHideFlags: 0
  m_PrefabParentObject: {fileID: 124986, guid: 30a446a6928c9574eaa21fe6a1e03ce3, type: 2}
  m_PrefabInternal: {fileID: 488659762}
  serializedVersion: 4
  m_Component:
  - 224: {fileID: 1061667721}
  - 222: {fileID: 1061667723}
  - 114: {fileID: 1061667722}
  m_Layer: 5
  m_Name: Background
  m_TagString: Untagged
  m_Icon: {fileID: 0}
  m_NavMeshLayer: 0
  m_StaticEditorFlags: 0
  m_IsActive: 1
--- !u!224 &1061667721
RectTransform:
  m_ObjectHideFlags: 0
  m_PrefabParentObject: {fileID: 22411200, guid: 30a446a6928c9574eaa21fe6a1e03ce3,
    type: 2}
  m_PrefabInternal: {fileID: 488659762}
  m_GameObject: {fileID: 1061667720}
  m_LocalRotation: {x: 0, y: 0, z: 0, w: 1}
  m_LocalPosition: {x: 0, y: 0, z: 0}
  m_LocalScale: {x: 1, y: 1, z: 1}
  m_LocalEulerAnglesHint: {x: 0, y: 0, z: 0}
  m_Children: []
  m_Father: {fileID: 536874075}
  m_RootOrder: 0
  m_AnchorMin: {x: 0, y: 0.25}
  m_AnchorMax: {x: 1, y: 0.75}
  m_AnchoredPosition: {x: -5.0000014, y: 0}
  m_SizeDelta: {x: -10, y: -6}
  m_Pivot: {x: 0.5, y: 0.5}
--- !u!114 &1061667722
MonoBehaviour:
  m_ObjectHideFlags: 0
  m_PrefabParentObject: {fileID: 11499874, guid: 30a446a6928c9574eaa21fe6a1e03ce3,
    type: 2}
  m_PrefabInternal: {fileID: 488659762}
  m_GameObject: {fileID: 1061667720}
  m_Enabled: 1
  m_EditorHideFlags: 0
  m_Script: {fileID: -765806418, guid: f5f67c52d1564df4a8936ccd202a3bd8, type: 3}
  m_Name: 
  m_EditorClassIdentifier: 
  m_Material: {fileID: 0}
  m_Color: {r: 0.08823532, g: 0.08823532, b: 0.08823532, a: 1}
  m_RaycastTarget: 1
  m_OnCullStateChanged:
    m_PersistentCalls:
      m_Calls: []
    m_TypeName: UnityEngine.UI.MaskableGraphic+CullStateChangedEvent, UnityEngine.UI,
      Version=1.0.0.0, Culture=neutral, PublicKeyToken=null
  m_Sprite: {fileID: 21300000, guid: 7ed1238760b863f4aafde32ab3a6f28c, type: 3}
  m_Type: 1
  m_PreserveAspect: 0
  m_FillCenter: 1
  m_FillMethod: 4
  m_FillAmount: 1
  m_FillClockwise: 1
  m_FillOrigin: 0
--- !u!222 &1061667723
CanvasRenderer:
  m_ObjectHideFlags: 0
  m_PrefabParentObject: {fileID: 22261716, guid: 30a446a6928c9574eaa21fe6a1e03ce3,
    type: 2}
  m_PrefabInternal: {fileID: 488659762}
  m_GameObject: {fileID: 1061667720}
--- !u!1 &1113967527
GameObject:
  m_ObjectHideFlags: 0
  m_PrefabParentObject: {fileID: 191260, guid: 30a446a6928c9574eaa21fe6a1e03ce3, type: 2}
  m_PrefabInternal: {fileID: 488659762}
  serializedVersion: 4
  m_Component:
  - 224: {fileID: 1113967528}
  - 222: {fileID: 1113967531}
  - 114: {fileID: 1113967530}
  - 114: {fileID: 1113967529}
  m_Layer: 5
  m_Name: Button
  m_TagString: Untagged
  m_Icon: {fileID: 0}
  m_NavMeshLayer: 0
  m_StaticEditorFlags: 0
  m_IsActive: 1
--- !u!224 &1113967528
RectTransform:
  m_ObjectHideFlags: 0
  m_PrefabParentObject: {fileID: 22499426, guid: 30a446a6928c9574eaa21fe6a1e03ce3,
    type: 2}
  m_PrefabInternal: {fileID: 488659762}
  m_GameObject: {fileID: 1113967527}
  m_LocalRotation: {x: 0, y: 0, z: 0, w: 1}
  m_LocalPosition: {x: 0, y: 0, z: 0}
  m_LocalScale: {x: 0.6, y: 0.6, z: 1}
  m_LocalEulerAnglesHint: {x: 0, y: 0, z: 0}
  m_Children: []
  m_Father: {fileID: 2142088749}
  m_RootOrder: 3
  m_AnchorMin: {x: 0.5, y: 0.5}
  m_AnchorMax: {x: 0.5, y: 0.5}
  m_AnchoredPosition: {x: 310, y: -345}
  m_SizeDelta: {x: 88, y: 54}
  m_Pivot: {x: 0.5, y: 0.5}
--- !u!114 &1113967529
MonoBehaviour:
  m_ObjectHideFlags: 0
  m_PrefabParentObject: {fileID: 11449968, guid: 30a446a6928c9574eaa21fe6a1e03ce3,
    type: 2}
  m_PrefabInternal: {fileID: 488659762}
  m_GameObject: {fileID: 1113967527}
  m_Enabled: 1
  m_EditorHideFlags: 0
  m_Script: {fileID: 1392445389, guid: f5f67c52d1564df4a8936ccd202a3bd8, type: 3}
  m_Name: 
  m_EditorClassIdentifier: 
  m_Navigation:
    m_Mode: 3
    m_SelectOnUp: {fileID: 0}
    m_SelectOnDown: {fileID: 0}
    m_SelectOnLeft: {fileID: 0}
    m_SelectOnRight: {fileID: 0}
  m_Transition: 1
  m_Colors:
    m_NormalColor: {r: 1, g: 1, b: 1, a: 1}
    m_HighlightedColor: {r: 0.9607843, g: 0.9607843, b: 0.9607843, a: 1}
    m_PressedColor: {r: 0.78431374, g: 0.78431374, b: 0.78431374, a: 1}
    m_DisabledColor: {r: 0.78431374, g: 0.78431374, b: 0.78431374, a: 0.5019608}
    m_ColorMultiplier: 1
    m_FadeDuration: 0.1
  m_SpriteState:
    m_HighlightedSprite: {fileID: 0}
    m_PressedSprite: {fileID: 0}
    m_DisabledSprite: {fileID: 0}
  m_AnimationTriggers:
    m_NormalTrigger: Normal
    m_HighlightedTrigger: Highlighted
    m_PressedTrigger: Pressed
    m_DisabledTrigger: Disabled
  m_Interactable: 1
  m_TargetGraphic: {fileID: 1113967530}
  m_OnClick:
    m_PersistentCalls:
      m_Calls: []
    m_TypeName: UnityEngine.UI.Button+ButtonClickedEvent, UnityEngine.UI, Version=1.0.0.0,
      Culture=neutral, PublicKeyToken=null
--- !u!114 &1113967530
MonoBehaviour:
  m_ObjectHideFlags: 0
  m_PrefabParentObject: {fileID: 11456568, guid: 30a446a6928c9574eaa21fe6a1e03ce3,
    type: 2}
  m_PrefabInternal: {fileID: 488659762}
  m_GameObject: {fileID: 1113967527}
  m_Enabled: 1
  m_EditorHideFlags: 0
  m_Script: {fileID: -765806418, guid: f5f67c52d1564df4a8936ccd202a3bd8, type: 3}
  m_Name: 
  m_EditorClassIdentifier: 
  m_Material: {fileID: 0}
  m_Color: {r: 1, g: 1, b: 1, a: 1}
  m_RaycastTarget: 1
  m_OnCullStateChanged:
    m_PersistentCalls:
      m_Calls: []
    m_TypeName: UnityEngine.UI.MaskableGraphic+CullStateChangedEvent, UnityEngine.UI,
      Version=1.0.0.0, Culture=neutral, PublicKeyToken=null
  m_Sprite: {fileID: 21300000, guid: 8d3e2c3d8e35f45a799d6dfec6e953a2, type: 3}
  m_Type: 0
  m_PreserveAspect: 0
  m_FillCenter: 1
  m_FillMethod: 4
  m_FillAmount: 1
  m_FillClockwise: 1
  m_FillOrigin: 0
--- !u!222 &1113967531
CanvasRenderer:
  m_ObjectHideFlags: 0
  m_PrefabParentObject: {fileID: 22207552, guid: 30a446a6928c9574eaa21fe6a1e03ce3,
    type: 2}
  m_PrefabInternal: {fileID: 488659762}
  m_GameObject: {fileID: 1113967527}
--- !u!1 &1288820880
GameObject:
  m_ObjectHideFlags: 0
  m_PrefabParentObject: {fileID: 100608, guid: 30a446a6928c9574eaa21fe6a1e03ce3, type: 2}
  m_PrefabInternal: {fileID: 488659762}
  serializedVersion: 4
  m_Component:
  - 224: {fileID: 1288820881}
  - 222: {fileID: 1288820884}
  - 114: {fileID: 1288820883}
  - 114: {fileID: 1288820882}
  m_Layer: 5
  m_Name: Button
  m_TagString: Untagged
  m_Icon: {fileID: 0}
  m_NavMeshLayer: 0
  m_StaticEditorFlags: 0
  m_IsActive: 1
--- !u!224 &1288820881
RectTransform:
  m_ObjectHideFlags: 0
  m_PrefabParentObject: {fileID: 22459698, guid: 30a446a6928c9574eaa21fe6a1e03ce3,
    type: 2}
  m_PrefabInternal: {fileID: 488659762}
  m_GameObject: {fileID: 1288820880}
  m_LocalRotation: {x: 0, y: 0, z: 0, w: 1}
  m_LocalPosition: {x: 0, y: 0, z: 0}
  m_LocalScale: {x: 0.9, y: 0.9, z: 1}
  m_LocalEulerAnglesHint: {x: 0, y: 0, z: 0}
  m_Children: []
  m_Father: {fileID: 2142088749}
  m_RootOrder: 1
  m_AnchorMin: {x: 0.5, y: 0.5}
  m_AnchorMax: {x: 0.5, y: 0.5}
  m_AnchoredPosition: {x: 0, y: -345}
  m_SizeDelta: {x: 172, y: 172}
  m_Pivot: {x: 0.5, y: 0.5}
--- !u!114 &1288820882
MonoBehaviour:
  m_ObjectHideFlags: 0
  m_PrefabParentObject: {fileID: 11487708, guid: 30a446a6928c9574eaa21fe6a1e03ce3,
    type: 2}
  m_PrefabInternal: {fileID: 488659762}
  m_GameObject: {fileID: 1288820880}
  m_Enabled: 1
  m_EditorHideFlags: 0
  m_Script: {fileID: 1392445389, guid: f5f67c52d1564df4a8936ccd202a3bd8, type: 3}
  m_Name: 
  m_EditorClassIdentifier: 
  m_Navigation:
    m_Mode: 3
    m_SelectOnUp: {fileID: 0}
    m_SelectOnDown: {fileID: 0}
    m_SelectOnLeft: {fileID: 0}
    m_SelectOnRight: {fileID: 0}
  m_Transition: 1
  m_Colors:
    m_NormalColor: {r: 1, g: 1, b: 1, a: 1}
    m_HighlightedColor: {r: 0.9607843, g: 0.9607843, b: 0.9607843, a: 1}
    m_PressedColor: {r: 0.78431374, g: 0.78431374, b: 0.78431374, a: 1}
    m_DisabledColor: {r: 0.78431374, g: 0.78431374, b: 0.78431374, a: 0.5019608}
    m_ColorMultiplier: 1
    m_FadeDuration: 0.1
  m_SpriteState:
    m_HighlightedSprite: {fileID: 0}
    m_PressedSprite: {fileID: 0}
    m_DisabledSprite: {fileID: 0}
  m_AnimationTriggers:
    m_NormalTrigger: Normal
    m_HighlightedTrigger: Highlighted
    m_PressedTrigger: Pressed
    m_DisabledTrigger: Disabled
  m_Interactable: 1
  m_TargetGraphic: {fileID: 1288820883}
  m_OnClick:
    m_PersistentCalls:
      m_Calls: []
    m_TypeName: UnityEngine.UI.Button+ButtonClickedEvent, UnityEngine.UI, Version=1.0.0.0,
      Culture=neutral, PublicKeyToken=null
--- !u!114 &1288820883
MonoBehaviour:
  m_ObjectHideFlags: 0
  m_PrefabParentObject: {fileID: 11469894, guid: 30a446a6928c9574eaa21fe6a1e03ce3,
    type: 2}
  m_PrefabInternal: {fileID: 488659762}
  m_GameObject: {fileID: 1288820880}
  m_Enabled: 1
  m_EditorHideFlags: 0
  m_Script: {fileID: -765806418, guid: f5f67c52d1564df4a8936ccd202a3bd8, type: 3}
  m_Name: 
  m_EditorClassIdentifier: 
  m_Material: {fileID: 0}
  m_Color: {r: 1, g: 1, b: 1, a: 1}
  m_RaycastTarget: 1
  m_OnCullStateChanged:
    m_PersistentCalls:
      m_Calls: []
    m_TypeName: UnityEngine.UI.MaskableGraphic+CullStateChangedEvent, UnityEngine.UI,
      Version=1.0.0.0, Culture=neutral, PublicKeyToken=null
  m_Sprite: {fileID: 21300000, guid: 73ff9b0cba4d93a41b8b2f045a8d52c1, type: 3}
  m_Type: 0
  m_PreserveAspect: 0
  m_FillCenter: 1
  m_FillMethod: 4
  m_FillAmount: 1
  m_FillClockwise: 1
  m_FillOrigin: 0
--- !u!222 &1288820884
CanvasRenderer:
  m_ObjectHideFlags: 0
  m_PrefabParentObject: {fileID: 22279068, guid: 30a446a6928c9574eaa21fe6a1e03ce3,
    type: 2}
  m_PrefabInternal: {fileID: 488659762}
  m_GameObject: {fileID: 1288820880}
--- !u!1 &1419298525
GameObject:
  m_ObjectHideFlags: 0
  m_PrefabParentObject: {fileID: 119380, guid: 30a446a6928c9574eaa21fe6a1e03ce3, type: 2}
  m_PrefabInternal: {fileID: 488659762}
  serializedVersion: 4
  m_Component:
  - 224: {fileID: 1419298526}
  - 222: {fileID: 1419298528}
  - 114: {fileID: 1419298527}
  m_Layer: 5
  m_Name: AppTitle
  m_TagString: Untagged
  m_Icon: {fileID: 0}
  m_NavMeshLayer: 0
  m_StaticEditorFlags: 0
  m_IsActive: 1
--- !u!224 &1419298526
RectTransform:
  m_ObjectHideFlags: 0
  m_PrefabParentObject: {fileID: 22459394, guid: 30a446a6928c9574eaa21fe6a1e03ce3,
    type: 2}
  m_PrefabInternal: {fileID: 488659762}
  m_GameObject: {fileID: 1419298525}
  m_LocalRotation: {x: 0, y: 0, z: 0, w: 1}
  m_LocalPosition: {x: 0, y: 0, z: 0}
  m_LocalScale: {x: 1, y: 1, z: 1}
  m_LocalEulerAnglesHint: {x: 0, y: 0, z: 0}
  m_Children: []
  m_Father: {fileID: 382697863}
  m_RootOrder: 0
  m_AnchorMin: {x: 0.5, y: 0.5}
  m_AnchorMax: {x: 0.5, y: 0.5}
  m_AnchoredPosition: {x: -36.5, y: -88}
  m_SizeDelta: {x: 695, y: 67}
  m_Pivot: {x: 0.5, y: 0.5}
--- !u!114 &1419298527
MonoBehaviour:
  m_ObjectHideFlags: 0
  m_PrefabParentObject: {fileID: 11465356, guid: 30a446a6928c9574eaa21fe6a1e03ce3,
    type: 2}
  m_PrefabInternal: {fileID: 488659762}
  m_GameObject: {fileID: 1419298525}
  m_Enabled: 1
  m_EditorHideFlags: 0
  m_Script: {fileID: 708705254, guid: f5f67c52d1564df4a8936ccd202a3bd8, type: 3}
  m_Name: 
  m_EditorClassIdentifier: 
  m_Material: {fileID: 0}
  m_Color: {r: 0.85490197, g: 0.85490197, b: 0.85490197, a: 1}
  m_RaycastTarget: 1
  m_OnCullStateChanged:
    m_PersistentCalls:
      m_Calls: []
    m_TypeName: UnityEngine.UI.MaskableGraphic+CullStateChangedEvent, UnityEngine.UI,
      Version=1.0.0.0, Culture=neutral, PublicKeyToken=null
  m_FontData:
    m_Font: {fileID: 12800000, guid: 218956a5c2a6e42d6a60afccf80b002b, type: 3}
    m_FontSize: 40
    m_FontStyle: 0
    m_BestFit: 0
    m_MinSize: 10
    m_MaxSize: 40
    m_Alignment: 0
    m_AlignByGeometry: 0
    m_RichText: 1
    m_HorizontalOverflow: 0
    m_VerticalOverflow: 1
    m_LineSpacing: 1
  m_Text: APP SAMPLE DESKTOP
--- !u!222 &1419298528
CanvasRenderer:
  m_ObjectHideFlags: 0
  m_PrefabParentObject: {fileID: 22281546, guid: 30a446a6928c9574eaa21fe6a1e03ce3,
    type: 2}
  m_PrefabInternal: {fileID: 488659762}
  m_GameObject: {fileID: 1419298525}
--- !u!1 &1500371475
GameObject:
  m_ObjectHideFlags: 0
  m_PrefabParentObject: {fileID: 0}
  m_PrefabInternal: {fileID: 0}
  serializedVersion: 4
  m_Component:
  - 4: {fileID: 1500371479}
  - 114: {fileID: 1500371478}
  - 114: {fileID: 1500371477}
  - 114: {fileID: 1500371476}
  m_Layer: 0
  m_Name: EventSystem
  m_TagString: Untagged
  m_Icon: {fileID: 0}
  m_NavMeshLayer: 0
  m_StaticEditorFlags: 0
  m_IsActive: 1
--- !u!114 &1500371476
MonoBehaviour:
  m_ObjectHideFlags: 0
  m_PrefabParentObject: {fileID: 0}
  m_PrefabInternal: {fileID: 0}
  m_GameObject: {fileID: 1500371475}
  m_Enabled: 1
  m_EditorHideFlags: 0
  m_Script: {fileID: 1997211142, guid: f5f67c52d1564df4a8936ccd202a3bd8, type: 3}
  m_Name: 
  m_EditorClassIdentifier: 
  m_ForceModuleActive: 0
--- !u!114 &1500371477
MonoBehaviour:
  m_ObjectHideFlags: 0
  m_PrefabParentObject: {fileID: 0}
  m_PrefabInternal: {fileID: 0}
  m_GameObject: {fileID: 1500371475}
  m_Enabled: 1
  m_EditorHideFlags: 0
  m_Script: {fileID: 1077351063, guid: f5f67c52d1564df4a8936ccd202a3bd8, type: 3}
  m_Name: 
  m_EditorClassIdentifier: 
  m_HorizontalAxis: Horizontal
  m_VerticalAxis: Vertical
  m_SubmitButton: Submit
  m_CancelButton: Cancel
  m_InputActionsPerSecond: 10
  m_RepeatDelay: 0.5
  m_ForceModuleActive: 0
--- !u!114 &1500371478
MonoBehaviour:
  m_ObjectHideFlags: 0
  m_PrefabParentObject: {fileID: 0}
  m_PrefabInternal: {fileID: 0}
  m_GameObject: {fileID: 1500371475}
  m_Enabled: 1
  m_EditorHideFlags: 0
  m_Script: {fileID: -619905303, guid: f5f67c52d1564df4a8936ccd202a3bd8, type: 3}
  m_Name: 
  m_EditorClassIdentifier: 
  m_FirstSelected: {fileID: 0}
  m_sendNavigationEvents: 1
  m_DragThreshold: 5
--- !u!4 &1500371479
Transform:
  m_ObjectHideFlags: 0
  m_PrefabParentObject: {fileID: 0}
  m_PrefabInternal: {fileID: 0}
  m_GameObject: {fileID: 1500371475}
  m_LocalRotation: {x: 0, y: 0, z: 0, w: 1}
  m_LocalPosition: {x: 0, y: 0, z: 0}
  m_LocalScale: {x: 1, y: 1, z: 1}
  m_LocalEulerAnglesHint: {x: 0, y: 0, z: 0}
  m_Children: []
  m_Father: {fileID: 0}
  m_RootOrder: 1
--- !u!1 &1511305452
GameObject:
  m_ObjectHideFlags: 0
  m_PrefabParentObject: {fileID: 0}
  m_PrefabInternal: {fileID: 0}
  serializedVersion: 4
  m_Component:
  - 4: {fileID: 1511305453}
  m_Layer: 0
  m_Name: __SET_YOUR_GAMESCREEN_TO_1920x1080
  m_TagString: Untagged
  m_Icon: {fileID: 0}
  m_NavMeshLayer: 0
  m_StaticEditorFlags: 0
  m_IsActive: 1
--- !u!4 &1511305453
Transform:
  m_ObjectHideFlags: 0
  m_PrefabParentObject: {fileID: 0}
  m_PrefabInternal: {fileID: 0}
  m_GameObject: {fileID: 1511305452}
  m_LocalRotation: {x: 0, y: 0, z: 0, w: 1}
  m_LocalPosition: {x: 494.995, y: 627.74, z: 0}
  m_LocalScale: {x: 1, y: 1, z: 1}
  m_LocalEulerAnglesHint: {x: 0, y: 0, z: 0}
  m_Children: []
  m_Father: {fileID: 0}
  m_RootOrder: 2
--- !u!1 &1660015290
GameObject:
  m_ObjectHideFlags: 0
  m_PrefabParentObject: {fileID: 153278, guid: 30a446a6928c9574eaa21fe6a1e03ce3, type: 2}
  m_PrefabInternal: {fileID: 488659762}
  serializedVersion: 4
  m_Component:
  - 224: {fileID: 1660015291}
  - 114: {fileID: 1660015292}
  m_Layer: 5
  m_Name: Timer
  m_TagString: Untagged
  m_Icon: {fileID: 0}
  m_NavMeshLayer: 0
  m_StaticEditorFlags: 0
  m_IsActive: 1
--- !u!224 &1660015291
RectTransform:
  m_ObjectHideFlags: 0
  m_PrefabParentObject: {fileID: 22475092, guid: 30a446a6928c9574eaa21fe6a1e03ce3,
    type: 2}
  m_PrefabInternal: {fileID: 488659762}
  m_GameObject: {fileID: 1660015290}
  m_LocalRotation: {x: 0, y: 0, z: 0, w: 1}
  m_LocalPosition: {x: 0, y: 0, z: 0}
  m_LocalScale: {x: 1, y: 1, z: 1}
  m_LocalEulerAnglesHint: {x: 0, y: 0, z: 0}
  m_Children:
  - {fileID: 653767660}
  - {fileID: 1912847550}
  - {fileID: 528185145}
  - {fileID: 936292556}
  - {fileID: 948104172}
  m_Father: {fileID: 2142088749}
  m_RootOrder: 14
  m_AnchorMin: {x: 0.5, y: 0.5}
  m_AnchorMax: {x: 0.5, y: 0.5}
  m_AnchoredPosition: {x: 0, y: -130}
  m_SizeDelta: {x: 955, y: 36}
  m_Pivot: {x: 0.5, y: 0.5}
--- !u!114 &1660015292
MonoBehaviour:
  m_ObjectHideFlags: 0
  m_PrefabParentObject: {fileID: 11467086, guid: 30a446a6928c9574eaa21fe6a1e03ce3,
    type: 2}
  m_PrefabInternal: {fileID: 488659762}
  m_GameObject: {fileID: 1660015290}
  m_Enabled: 1
  m_EditorHideFlags: 0
  m_Script: {fileID: -113659843, guid: f5f67c52d1564df4a8936ccd202a3bd8, type: 3}
  m_Name: 
  m_EditorClassIdentifier: 
  m_Navigation:
    m_Mode: 3
    m_SelectOnUp: {fileID: 0}
    m_SelectOnDown: {fileID: 0}
    m_SelectOnLeft: {fileID: 0}
    m_SelectOnRight: {fileID: 0}
  m_Transition: 1
  m_Colors:
    m_NormalColor: {r: 1, g: 1, b: 1, a: 1}
    m_HighlightedColor: {r: 0.9607843, g: 0.9607843, b: 0.9607843, a: 1}
    m_PressedColor: {r: 0.78431374, g: 0.78431374, b: 0.78431374, a: 1}
    m_DisabledColor: {r: 0.78431374, g: 0.78431374, b: 0.78431374, a: 0.5019608}
    m_ColorMultiplier: 1.49
    m_FadeDuration: 0.1
  m_SpriteState:
    m_HighlightedSprite: {fileID: 0}
    m_PressedSprite: {fileID: 0}
    m_DisabledSprite: {fileID: 0}
  m_AnimationTriggers:
    m_NormalTrigger: Normal
    m_HighlightedTrigger: Highlighted
    m_PressedTrigger: Pressed
    m_DisabledTrigger: Disabled
  m_Interactable: 1
  m_TargetGraphic: {fileID: 955091369}
  m_FillRect: {fileID: 814291600}
  m_HandleRect: {fileID: 955091368}
  m_Direction: 0
  m_MinValue: 0
  m_MaxValue: 1
  m_WholeNumbers: 0
  m_Value: 0.427
  m_OnValueChanged:
    m_PersistentCalls:
      m_Calls: []
    m_TypeName: UnityEngine.UI.Slider+SliderEvent, UnityEngine.UI, Version=1.0.0.0,
      Culture=neutral, PublicKeyToken=null
--- !u!1 &1722697008
GameObject:
  m_ObjectHideFlags: 0
  m_PrefabParentObject: {fileID: 112176, guid: 30a446a6928c9574eaa21fe6a1e03ce3, type: 2}
  m_PrefabInternal: {fileID: 488659762}
  serializedVersion: 4
  m_Component:
  - 224: {fileID: 1722697009}
  - 222: {fileID: 1722697011}
  - 114: {fileID: 1722697010}
  m_Layer: 5
  m_Name: Text
  m_TagString: Untagged
  m_Icon: {fileID: 0}
  m_NavMeshLayer: 0
  m_StaticEditorFlags: 0
  m_IsActive: 1
--- !u!224 &1722697009
RectTransform:
  m_ObjectHideFlags: 0
  m_PrefabParentObject: {fileID: 22454372, guid: 30a446a6928c9574eaa21fe6a1e03ce3,
    type: 2}
  m_PrefabInternal: {fileID: 488659762}
  m_GameObject: {fileID: 1722697008}
  m_LocalRotation: {x: 0, y: 0, z: 0, w: 1}
  m_LocalPosition: {x: 0, y: 0, z: 0}
  m_LocalScale: {x: 1, y: 1, z: 1}
  m_LocalEulerAnglesHint: {x: 0, y: 0, z: 0}
  m_Children: []
  m_Father: {fileID: 2142088749}
  m_RootOrder: 9
  m_AnchorMin: {x: 0.5, y: 0.5}
  m_AnchorMax: {x: 0.5, y: 0.5}
  m_AnchoredPosition: {x: 0, y: 18}
  m_SizeDelta: {x: 410, y: 120}
  m_Pivot: {x: 0.5, y: 0.5}
--- !u!114 &1722697010
MonoBehaviour:
  m_ObjectHideFlags: 0
  m_PrefabParentObject: {fileID: 11422646, guid: 30a446a6928c9574eaa21fe6a1e03ce3,
    type: 2}
  m_PrefabInternal: {fileID: 488659762}
  m_GameObject: {fileID: 1722697008}
  m_Enabled: 1
  m_EditorHideFlags: 0
  m_Script: {fileID: 708705254, guid: f5f67c52d1564df4a8936ccd202a3bd8, type: 3}
  m_Name: 
  m_EditorClassIdentifier: 
  m_Material: {fileID: 0}
  m_Color: {r: 1, g: 1, b: 1, a: 1}
  m_RaycastTarget: 1
  m_OnCullStateChanged:
    m_PersistentCalls:
      m_Calls: []
    m_TypeName: UnityEngine.UI.MaskableGraphic+CullStateChangedEvent, UnityEngine.UI,
      Version=1.0.0.0, Culture=neutral, PublicKeyToken=null
  m_FontData:
    m_Font: {fileID: 12800000, guid: bd1ea67ca2b5742d1a24fcbdc17c55e1, type: 3}
    m_FontSize: 34
    m_FontStyle: 0
    m_BestFit: 0
    m_MinSize: 10
    m_MaxSize: 40
    m_Alignment: 4
    m_AlignByGeometry: 0
    m_RichText: 1
    m_HorizontalOverflow: 0
    m_VerticalOverflow: 0
    m_LineSpacing: 1
  m_Text: Taiko Time
--- !u!222 &1722697011
CanvasRenderer:
  m_ObjectHideFlags: 0
  m_PrefabParentObject: {fileID: 22263002, guid: 30a446a6928c9574eaa21fe6a1e03ce3,
    type: 2}
  m_PrefabInternal: {fileID: 488659762}
  m_GameObject: {fileID: 1722697008}
--- !u!1 &1856949505
GameObject:
  m_ObjectHideFlags: 0
  m_PrefabParentObject: {fileID: 168746, guid: 30a446a6928c9574eaa21fe6a1e03ce3, type: 2}
  m_PrefabInternal: {fileID: 488659762}
  serializedVersion: 4
  m_Component:
  - 224: {fileID: 1856949506}
  - 222: {fileID: 1856949508}
  - 114: {fileID: 1856949507}
  m_Layer: 5
  m_Name: Fill
  m_TagString: Untagged
  m_Icon: {fileID: 0}
  m_NavMeshLayer: 0
  m_StaticEditorFlags: 0
  m_IsActive: 1
--- !u!224 &1856949506
RectTransform:
  m_ObjectHideFlags: 0
  m_PrefabParentObject: {fileID: 22479836, guid: 30a446a6928c9574eaa21fe6a1e03ce3,
    type: 2}
  m_PrefabInternal: {fileID: 488659762}
  m_GameObject: {fileID: 1856949505}
  m_LocalRotation: {x: 0, y: 0, z: 0, w: 1}
  m_LocalPosition: {x: 0, y: 0, z: 0}
  m_LocalScale: {x: 1, y: 1, z: 1}
  m_LocalEulerAnglesHint: {x: 0, y: 0, z: 0}
  m_Children: []
  m_Father: {fileID: 36091501}
  m_RootOrder: 0
  m_AnchorMin: {x: 0, y: 0}
  m_AnchorMax: {x: 0, y: 0}
  m_AnchoredPosition: {x: 2.5000014, y: 0}
  m_SizeDelta: {x: 5, y: -6}
  m_Pivot: {x: 0.5, y: 0.5}
--- !u!114 &1856949507
MonoBehaviour:
  m_ObjectHideFlags: 0
  m_PrefabParentObject: {fileID: 11488216, guid: 30a446a6928c9574eaa21fe6a1e03ce3,
    type: 2}
  m_PrefabInternal: {fileID: 488659762}
  m_GameObject: {fileID: 1856949505}
  m_Enabled: 1
  m_EditorHideFlags: 0
  m_Script: {fileID: -765806418, guid: f5f67c52d1564df4a8936ccd202a3bd8, type: 3}
  m_Name: 
  m_EditorClassIdentifier: 
  m_Material: {fileID: 0}
  m_Color: {r: 1, g: 1, b: 1, a: 1}
  m_RaycastTarget: 1
  m_OnCullStateChanged:
    m_PersistentCalls:
      m_Calls: []
    m_TypeName: UnityEngine.UI.MaskableGraphic+CullStateChangedEvent, UnityEngine.UI,
      Version=1.0.0.0, Culture=neutral, PublicKeyToken=null
  m_Sprite: {fileID: 21300000, guid: 7ed1238760b863f4aafde32ab3a6f28c, type: 3}
  m_Type: 1
  m_PreserveAspect: 0
  m_FillCenter: 1
  m_FillMethod: 4
  m_FillAmount: 1
  m_FillClockwise: 1
  m_FillOrigin: 0
--- !u!222 &1856949508
CanvasRenderer:
  m_ObjectHideFlags: 0
  m_PrefabParentObject: {fileID: 22234158, guid: 30a446a6928c9574eaa21fe6a1e03ce3,
    type: 2}
  m_PrefabInternal: {fileID: 488659762}
  m_GameObject: {fileID: 1856949505}
--- !u!1 &1912847549
GameObject:
  m_ObjectHideFlags: 0
  m_PrefabParentObject: {fileID: 179710, guid: 30a446a6928c9574eaa21fe6a1e03ce3, type: 2}
  m_PrefabInternal: {fileID: 488659762}
  serializedVersion: 4
  m_Component:
  - 224: {fileID: 1912847550}
  m_Layer: 5
  m_Name: Fill Area
  m_TagString: Untagged
  m_Icon: {fileID: 0}
  m_NavMeshLayer: 0
  m_StaticEditorFlags: 0
  m_IsActive: 1
--- !u!224 &1912847550
RectTransform:
  m_ObjectHideFlags: 0
  m_PrefabParentObject: {fileID: 22423178, guid: 30a446a6928c9574eaa21fe6a1e03ce3,
    type: 2}
  m_PrefabInternal: {fileID: 488659762}
  m_GameObject: {fileID: 1912847549}
  m_LocalRotation: {x: 0, y: 0, z: 0, w: 1}
  m_LocalPosition: {x: 0, y: 0, z: 0}
  m_LocalScale: {x: 1, y: 1, z: 1}
  m_LocalEulerAnglesHint: {x: 0, y: 0, z: 0}
  m_Children:
  - {fileID: 814291600}
  m_Father: {fileID: 1660015291}
  m_RootOrder: 1
  m_AnchorMin: {x: 0, y: 0.25}
  m_AnchorMax: {x: 1, y: 0.75}
  m_AnchoredPosition: {x: -7.499997, y: 0}
  m_SizeDelta: {x: -15, y: 0}
  m_Pivot: {x: 0.5, y: 0.5}
--- !u!1 &1977438394
GameObject:
  m_ObjectHideFlags: 0
  m_PrefabParentObject: {fileID: 112418, guid: 30a446a6928c9574eaa21fe6a1e03ce3, type: 2}
  m_PrefabInternal: {fileID: 488659762}
  serializedVersion: 4
  m_Component:
  - 224: {fileID: 1977438395}
  m_Layer: 5
  m_Name: Handle Slide Area
  m_TagString: Untagged
  m_Icon: {fileID: 0}
  m_NavMeshLayer: 0
  m_StaticEditorFlags: 0
  m_IsActive: 1
--- !u!224 &1977438395
RectTransform:
  m_ObjectHideFlags: 0
  m_PrefabParentObject: {fileID: 22410004, guid: 30a446a6928c9574eaa21fe6a1e03ce3,
    type: 2}
  m_PrefabInternal: {fileID: 488659762}
  m_GameObject: {fileID: 1977438394}
  m_LocalRotation: {x: 0, y: 0, z: 0, w: 1}
  m_LocalPosition: {x: 0, y: 0, z: 0}
  m_LocalScale: {x: 1, y: 1, z: 1}
  m_LocalEulerAnglesHint: {x: 0, y: 0, z: 0}
  m_Children:
  - {fileID: 450158858}
  m_Father: {fileID: 536874075}
  m_RootOrder: 2
  m_AnchorMin: {x: 0, y: 0}
  m_AnchorMax: {x: 1, y: 1}
  m_AnchoredPosition: {x: -3.8000488, y: 0}
  m_SizeDelta: {x: -12.5, y: 0}
  m_Pivot: {x: 0.5, y: 0.5}
--- !u!1 &2029971375
GameObject:
  m_ObjectHideFlags: 0
  m_PrefabParentObject: {fileID: 137168, guid: 30a446a6928c9574eaa21fe6a1e03ce3, type: 2}
  m_PrefabInternal: {fileID: 488659762}
  serializedVersion: 4
  m_Component:
  - 224: {fileID: 2029971376}
  - 222: {fileID: 2029971378}
  - 114: {fileID: 2029971377}
  m_Layer: 5
  m_Name: Image
  m_TagString: Untagged
  m_Icon: {fileID: 0}
  m_NavMeshLayer: 0
  m_StaticEditorFlags: 0
  m_IsActive: 1
--- !u!224 &2029971376
RectTransform:
  m_ObjectHideFlags: 0
  m_PrefabParentObject: {fileID: 22463568, guid: 30a446a6928c9574eaa21fe6a1e03ce3,
    type: 2}
  m_PrefabInternal: {fileID: 488659762}
  m_GameObject: {fileID: 2029971375}
  m_LocalRotation: {x: 0, y: 0, z: 0, w: 1}
  m_LocalPosition: {x: 0, y: 0, z: 0}
  m_LocalScale: {x: 1, y: 1, z: 1}
  m_LocalEulerAnglesHint: {x: 0, y: 0, z: 0}
  m_Children: []
  m_Father: {fileID: 527898827}
  m_RootOrder: 1
  m_AnchorMin: {x: 0.5, y: 0.5}
  m_AnchorMax: {x: 0.5, y: 0.5}
  m_AnchoredPosition: {x: 0.0006518364, y: 0.00016784668}
  m_SizeDelta: {x: 614, y: 616}
  m_Pivot: {x: 0.5, y: 0.5}
--- !u!114 &2029971377
MonoBehaviour:
  m_ObjectHideFlags: 0
  m_PrefabParentObject: {fileID: 11482814, guid: 30a446a6928c9574eaa21fe6a1e03ce3,
    type: 2}
  m_PrefabInternal: {fileID: 488659762}
  m_GameObject: {fileID: 2029971375}
  m_Enabled: 1
  m_EditorHideFlags: 0
  m_Script: {fileID: -765806418, guid: f5f67c52d1564df4a8936ccd202a3bd8, type: 3}
  m_Name: 
  m_EditorClassIdentifier: 
  m_Material: {fileID: 0}
  m_Color: {r: 1, g: 1, b: 1, a: 0.101960786}
  m_RaycastTarget: 1
  m_OnCullStateChanged:
    m_PersistentCalls:
      m_Calls: []
    m_TypeName: UnityEngine.UI.MaskableGraphic+CullStateChangedEvent, UnityEngine.UI,
      Version=1.0.0.0, Culture=neutral, PublicKeyToken=null
  m_Sprite: {fileID: 21300000, guid: c4f365291f5513c4f90ea007ba10a8bd, type: 3}
  m_Type: 1
  m_PreserveAspect: 0
  m_FillCenter: 1
  m_FillMethod: 4
  m_FillAmount: 1
  m_FillClockwise: 1
  m_FillOrigin: 0
--- !u!222 &2029971378
CanvasRenderer:
  m_ObjectHideFlags: 0
  m_PrefabParentObject: {fileID: 22284488, guid: 30a446a6928c9574eaa21fe6a1e03ce3,
    type: 2}
  m_PrefabInternal: {fileID: 488659762}
  m_GameObject: {fileID: 2029971375}
--- !u!1 &2142088748
GameObject:
  m_ObjectHideFlags: 0
  m_PrefabParentObject: {fileID: 131852, guid: 30a446a6928c9574eaa21fe6a1e03ce3, type: 2}
  m_PrefabInternal: {fileID: 488659762}
  serializedVersion: 4
  m_Component:
  - 224: {fileID: 2142088749}
  - 222: {fileID: 2142088752}
  - 114: {fileID: 2142088751}
  - 114: {fileID: 2142088750}
  m_Layer: 5
  m_Name: Panel
  m_TagString: Untagged
  m_Icon: {fileID: 0}
  m_NavMeshLayer: 0
  m_StaticEditorFlags: 0
  m_IsActive: 1
--- !u!224 &2142088749
RectTransform:
  m_ObjectHideFlags: 0
  m_PrefabParentObject: {fileID: 22440410, guid: 30a446a6928c9574eaa21fe6a1e03ce3,
    type: 2}
  m_PrefabInternal: {fileID: 488659762}
  m_GameObject: {fileID: 2142088748}
  m_LocalRotation: {x: 0, y: 0, z: 0, w: 1}
  m_LocalPosition: {x: 0, y: 0, z: 0}
  m_LocalScale: {x: 0.8, y: 0.8, z: 1}
  m_LocalEulerAnglesHint: {x: 0, y: 0, z: 0}
  m_Children:
  - {fileID: 326723352}
  - {fileID: 1288820881}
  - {fileID: 663847406}
  - {fileID: 1113967528}
  - {fileID: 318353869}
  - {fileID: 710426234}
  - {fileID: 1045130054}
  - {fileID: 837563393}
  - {fileID: 189168622}
  - {fileID: 1722697009}
  - {fileID: 786704794}
  - {fileID: 237405916}
  - {fileID: 268197680}
  - {fileID: 945691551}
  - {fileID: 1660015291}
  - {fileID: 527898827}
  m_Father: {fileID: 763452033}
  m_RootOrder: 1
  m_AnchorMin: {x: 0.5, y: 0.5}
  m_AnchorMax: {x: 0.5, y: 0.5}
  m_AnchoredPosition: {x: 0, y: 0}
  m_SizeDelta: {x: 2400, y: 1350}
  m_Pivot: {x: 0.5, y: 0.5}
--- !u!114 &2142088750
MonoBehaviour:
  m_ObjectHideFlags: 0
  m_PrefabParentObject: {fileID: 11407548, guid: 30a446a6928c9574eaa21fe6a1e03ce3,
    type: 2}
  m_PrefabInternal: {fileID: 488659762}
  m_GameObject: {fileID: 2142088748}
  m_Enabled: 1
  m_EditorHideFlags: 0
  m_Script: {fileID: -1200242548, guid: f5f67c52d1564df4a8936ccd202a3bd8, type: 3}
  m_Name: 
  m_EditorClassIdentifier: 
  m_ShowMaskGraphic: 1
--- !u!114 &2142088751
MonoBehaviour:
  m_ObjectHideFlags: 0
  m_PrefabParentObject: {fileID: 11403660, guid: 30a446a6928c9574eaa21fe6a1e03ce3,
    type: 2}
  m_PrefabInternal: {fileID: 488659762}
  m_GameObject: {fileID: 2142088748}
  m_Enabled: 1
  m_EditorHideFlags: 0
  m_Script: {fileID: -765806418, guid: f5f67c52d1564df4a8936ccd202a3bd8, type: 3}
  m_Name: 
  m_EditorClassIdentifier: 
  m_Material: {fileID: 0}
  m_Color: {r: 0.12156863, g: 0.12156863, b: 0.12156863, a: 1}
  m_RaycastTarget: 1
  m_OnCullStateChanged:
    m_PersistentCalls:
      m_Calls: []
    m_TypeName: UnityEngine.UI.MaskableGraphic+CullStateChangedEvent, UnityEngine.UI,
      Version=1.0.0.0, Culture=neutral, PublicKeyToken=null
  m_Sprite: {fileID: 21300000, guid: 7ed1238760b863f4aafde32ab3a6f28c, type: 3}
  m_Type: 1
  m_PreserveAspect: 0
  m_FillCenter: 1
  m_FillMethod: 4
  m_FillAmount: 1
  m_FillClockwise: 1
  m_FillOrigin: 0
--- !u!222 &2142088752
CanvasRenderer:
  m_ObjectHideFlags: 0
  m_PrefabParentObject: {fileID: 22296114, guid: 30a446a6928c9574eaa21fe6a1e03ce3,
    type: 2}
  m_PrefabInternal: {fileID: 488659762}
  m_GameObject: {fileID: 2142088748}
