%YAML 1.1
%TAG !u! tag:unity3d.com,2011:
--- !u!29 &1
SceneSettings:
  m_ObjectHideFlags: 0
  m_PVSData: 
  m_PVSObjectsArray: []
  m_PVSPortalsArray: []
  m_OcclusionBakeSettings:
    smallestOccluder: 5
    smallestHole: 0.25
    backfaceThreshold: 100
--- !u!104 &2
RenderSettings:
  m_ObjectHideFlags: 0
  serializedVersion: 7
  m_Fog: 0
  m_FogColor: {r: 0.5, g: 0.5, b: 0.5, a: 1}
  m_FogMode: 3
  m_FogDensity: 0.01
  m_LinearFogStart: 0
  m_LinearFogEnd: 300
  m_AmbientSkyColor: {r: 0.212, g: 0.227, b: 0.259, a: 1}
  m_AmbientEquatorColor: {r: 0.114, g: 0.125, b: 0.133, a: 1}
  m_AmbientGroundColor: {r: 0.047, g: 0.043, b: 0.035, a: 1}
  m_AmbientIntensity: 1
  m_AmbientMode: 0
  m_SkyboxMaterial: {fileID: 10304, guid: 0000000000000000f000000000000000, type: 0}
  m_HaloStrength: 0.5
  m_FlareStrength: 1
  m_FlareFadeSpeed: 3
  m_HaloTexture: {fileID: 0}
  m_SpotCookie: {fileID: 10001, guid: 0000000000000000e000000000000000, type: 0}
  m_DefaultReflectionMode: 0
  m_DefaultReflectionResolution: 128
  m_ReflectionBounces: 1
  m_ReflectionIntensity: 1
  m_CustomReflection: {fileID: 0}
  m_Sun: {fileID: 0}
  m_IndirectSpecularColor: {r: 0, g: 0, b: 0, a: 1}
--- !u!157 &4
LightmapSettings:
  m_ObjectHideFlags: 0
  serializedVersion: 7
  m_GIWorkflowMode: 0
  m_GISettings:
    serializedVersion: 2
    m_BounceScale: 1
    m_IndirectOutputScale: 1
    m_AlbedoBoost: 1
    m_TemporalCoherenceThreshold: 1
    m_EnvironmentLightingMode: 0
    m_EnableBakedLightmaps: 1
    m_EnableRealtimeLightmaps: 1
  m_LightmapEditorSettings:
    serializedVersion: 4
    m_Resolution: 2
    m_BakeResolution: 40
    m_TextureWidth: 1024
    m_TextureHeight: 1024
    m_AO: 0
    m_AOMaxDistance: 1
    m_CompAOExponent: 0
    m_CompAOExponentDirect: 0
    m_Padding: 2
    m_LightmapParameters: {fileID: 0}
    m_LightmapsBakeMode: 1
    m_TextureCompression: 1
    m_DirectLightInLightProbes: 1
    m_FinalGather: 0
    m_FinalGatherFiltering: 1
    m_FinalGatherRayCount: 1024
    m_ReflectionCompression: 2
  m_LightingDataAsset: {fileID: 0}
  m_RuntimeCPUUsage: 25
--- !u!196 &5
NavMeshSettings:
  serializedVersion: 2
  m_ObjectHideFlags: 0
  m_BuildSettings:
    serializedVersion: 2
    agentRadius: 0.5
    agentHeight: 2
    agentSlope: 45
    agentClimb: 0.4
    ledgeDropHeight: 0
    maxJumpAcrossDistance: 0
    accuratePlacement: 0
    minRegionArea: 2
    cellSize: 0.16666667
    manualCellSize: 0
  m_NavMeshData: {fileID: 0}
--- !u!1001 &65909048
Prefab:
  m_ObjectHideFlags: 0
  serializedVersion: 2
  m_Modification:
    m_TransformParent: {fileID: 0}
    m_Modifications:
    - target: {fileID: 22408042, guid: 0b91c0c67766af54b8e5f8430270d95c, type: 2}
      propertyPath: m_LocalPosition.x
      value: 0
      objectReference: {fileID: 0}
    - target: {fileID: 22408042, guid: 0b91c0c67766af54b8e5f8430270d95c, type: 2}
      propertyPath: m_LocalPosition.y
      value: 0
      objectReference: {fileID: 0}
    - target: {fileID: 22408042, guid: 0b91c0c67766af54b8e5f8430270d95c, type: 2}
      propertyPath: m_LocalPosition.z
      value: 0
      objectReference: {fileID: 0}
    - target: {fileID: 22408042, guid: 0b91c0c67766af54b8e5f8430270d95c, type: 2}
      propertyPath: m_LocalRotation.x
      value: 0
      objectReference: {fileID: 0}
    - target: {fileID: 22408042, guid: 0b91c0c67766af54b8e5f8430270d95c, type: 2}
      propertyPath: m_LocalRotation.y
      value: 0
      objectReference: {fileID: 0}
    - target: {fileID: 22408042, guid: 0b91c0c67766af54b8e5f8430270d95c, type: 2}
      propertyPath: m_LocalRotation.z
      value: 0
      objectReference: {fileID: 0}
    - target: {fileID: 22408042, guid: 0b91c0c67766af54b8e5f8430270d95c, type: 2}
      propertyPath: m_LocalRotation.w
      value: 1
      objectReference: {fileID: 0}
    - target: {fileID: 22408042, guid: 0b91c0c67766af54b8e5f8430270d95c, type: 2}
      propertyPath: m_RootOrder
      value: 0
      objectReference: {fileID: 0}
    - target: {fileID: 22408042, guid: 0b91c0c67766af54b8e5f8430270d95c, type: 2}
      propertyPath: m_AnchoredPosition.x
      value: 0
      objectReference: {fileID: 0}
    - target: {fileID: 22408042, guid: 0b91c0c67766af54b8e5f8430270d95c, type: 2}
      propertyPath: m_AnchoredPosition.y
      value: 0
      objectReference: {fileID: 0}
    - target: {fileID: 22408042, guid: 0b91c0c67766af54b8e5f8430270d95c, type: 2}
      propertyPath: m_SizeDelta.x
      value: 0
      objectReference: {fileID: 0}
    - target: {fileID: 22408042, guid: 0b91c0c67766af54b8e5f8430270d95c, type: 2}
      propertyPath: m_SizeDelta.y
      value: 0
      objectReference: {fileID: 0}
    - target: {fileID: 22408042, guid: 0b91c0c67766af54b8e5f8430270d95c, type: 2}
      propertyPath: m_AnchorMin.x
      value: 0
      objectReference: {fileID: 0}
    - target: {fileID: 22408042, guid: 0b91c0c67766af54b8e5f8430270d95c, type: 2}
      propertyPath: m_AnchorMin.y
      value: 0
      objectReference: {fileID: 0}
    - target: {fileID: 22408042, guid: 0b91c0c67766af54b8e5f8430270d95c, type: 2}
      propertyPath: m_AnchorMax.x
      value: 0
      objectReference: {fileID: 0}
    - target: {fileID: 22408042, guid: 0b91c0c67766af54b8e5f8430270d95c, type: 2}
      propertyPath: m_AnchorMax.y
      value: 0
      objectReference: {fileID: 0}
    - target: {fileID: 22408042, guid: 0b91c0c67766af54b8e5f8430270d95c, type: 2}
      propertyPath: m_Pivot.x
      value: 0
      objectReference: {fileID: 0}
    - target: {fileID: 22408042, guid: 0b91c0c67766af54b8e5f8430270d95c, type: 2}
      propertyPath: m_Pivot.y
      value: 0
      objectReference: {fileID: 0}
    m_RemovedComponents: []
  m_ParentPrefab: {fileID: 100100000, guid: 0b91c0c67766af54b8e5f8430270d95c, type: 2}
  m_RootGameObject: {fileID: 1466847704}
  m_IsPrefabParent: 0
--- !u!1 &95524628
GameObject:
  m_ObjectHideFlags: 0
  m_PrefabParentObject: {fileID: 108026, guid: 0b91c0c67766af54b8e5f8430270d95c, type: 2}
  m_PrefabInternal: {fileID: 65909048}
  serializedVersion: 4
  m_Component:
  - 224: {fileID: 95524629}
  - 222: {fileID: 95524631}
  - 114: {fileID: 95524630}
  m_Layer: 5
  m_Name: Blocks
  m_TagString: Untagged
  m_Icon: {fileID: 0}
  m_NavMeshLayer: 0
  m_StaticEditorFlags: 0
  m_IsActive: 1
--- !u!224 &95524629
RectTransform:
  m_ObjectHideFlags: 0
  m_PrefabParentObject: {fileID: 22408026, guid: 0b91c0c67766af54b8e5f8430270d95c,
    type: 2}
  m_PrefabInternal: {fileID: 65909048}
  m_GameObject: {fileID: 95524628}
  m_LocalRotation: {x: 0, y: 0, z: 0, w: 1}
  m_LocalPosition: {x: 0, y: 0, z: 0}
  m_LocalScale: {x: 1, y: 1, z: 1}
  m_LocalEulerAnglesHint: {x: 0, y: 0, z: 0}
  m_Children: []
  m_Father: {fileID: 683274110}
  m_RootOrder: 3
  m_AnchorMin: {x: 0.5, y: 0.5}
  m_AnchorMax: {x: 0.5, y: 0.5}
  m_AnchoredPosition: {x: 240, y: -512}
  m_SizeDelta: {x: 161, y: 111}
  m_Pivot: {x: 0.5, y: 0.5}
--- !u!114 &95524630
MonoBehaviour:
  m_ObjectHideFlags: 0
  m_PrefabParentObject: {fileID: 11408024, guid: 0b91c0c67766af54b8e5f8430270d95c,
    type: 2}
  m_PrefabInternal: {fileID: 65909048}
  m_GameObject: {fileID: 95524628}
  m_Enabled: 1
  m_EditorHideFlags: 0
  m_Script: {fileID: -765806418, guid: f5f67c52d1564df4a8936ccd202a3bd8, type: 3}
  m_Name: 
  m_EditorClassIdentifier: 
  m_Material: {fileID: 0}
  m_Color: {r: 0.19215687, g: 0.42745098, b: 0.32156864, a: 1}
  m_RaycastTarget: 1
  m_OnCullStateChanged:
    m_PersistentCalls:
      m_Calls: []
    m_TypeName: UnityEngine.UI.MaskableGraphic+CullStateChangedEvent, UnityEngine.UI,
      Version=1.0.0.0, Culture=neutral, PublicKeyToken=null
  m_Sprite: {fileID: 21300000, guid: 7ed1238760b863f4aafde32ab3a6f28c, type: 3}
  m_Type: 1
  m_PreserveAspect: 0
  m_FillCenter: 1
  m_FillMethod: 4
  m_FillAmount: 1
  m_FillClockwise: 1
  m_FillOrigin: 0
--- !u!222 &95524631
CanvasRenderer:
  m_ObjectHideFlags: 0
  m_PrefabParentObject: {fileID: 22208028, guid: 0b91c0c67766af54b8e5f8430270d95c,
    type: 2}
  m_PrefabInternal: {fileID: 65909048}
  m_GameObject: {fileID: 95524628}
--- !u!1 &133195517
GameObject:
  m_ObjectHideFlags: 0
  m_PrefabParentObject: {fileID: 108032, guid: 0b91c0c67766af54b8e5f8430270d95c, type: 2}
  m_PrefabInternal: {fileID: 65909048}
  serializedVersion: 4
  m_Component:
  - 224: {fileID: 133195518}
  - 222: {fileID: 133195520}
  - 114: {fileID: 133195519}
  m_Layer: 5
  m_Name: Blocks
  m_TagString: Untagged
  m_Icon: {fileID: 0}
  m_NavMeshLayer: 0
  m_StaticEditorFlags: 0
  m_IsActive: 1
--- !u!224 &133195518
RectTransform:
  m_ObjectHideFlags: 0
  m_PrefabParentObject: {fileID: 22408032, guid: 0b91c0c67766af54b8e5f8430270d95c,
    type: 2}
  m_PrefabInternal: {fileID: 65909048}
  m_GameObject: {fileID: 133195517}
  m_LocalRotation: {x: 0, y: 0, z: 0, w: 1}
  m_LocalPosition: {x: 0, y: 0, z: 0}
  m_LocalScale: {x: 1, y: 1, z: 1}
  m_LocalEulerAnglesHint: {x: 0, y: 0, z: 0}
  m_Children: []
  m_Father: {fileID: 683274110}
  m_RootOrder: 9
  m_AnchorMin: {x: 0.5, y: 0.5}
  m_AnchorMax: {x: 0.5, y: 0.5}
  m_AnchoredPosition: {x: 79, y: 43}
  m_SizeDelta: {x: 161, y: 111}
  m_Pivot: {x: 0.5, y: 0.5}
--- !u!114 &133195519
MonoBehaviour:
  m_ObjectHideFlags: 0
  m_PrefabParentObject: {fileID: 11408030, guid: 0b91c0c67766af54b8e5f8430270d95c,
    type: 2}
  m_PrefabInternal: {fileID: 65909048}
  m_GameObject: {fileID: 133195517}
  m_Enabled: 1
  m_EditorHideFlags: 0
  m_Script: {fileID: -765806418, guid: f5f67c52d1564df4a8936ccd202a3bd8, type: 3}
  m_Name: 
  m_EditorClassIdentifier: 
  m_Material: {fileID: 0}
  m_Color: {r: 0, g: 0.8666667, b: 0.38431373, a: 1}
  m_RaycastTarget: 1
  m_OnCullStateChanged:
    m_PersistentCalls:
      m_Calls: []
    m_TypeName: UnityEngine.UI.MaskableGraphic+CullStateChangedEvent, UnityEngine.UI,
      Version=1.0.0.0, Culture=neutral, PublicKeyToken=null
  m_Sprite: {fileID: 21300000, guid: 7ed1238760b863f4aafde32ab3a6f28c, type: 3}
  m_Type: 1
  m_PreserveAspect: 0
  m_FillCenter: 1
  m_FillMethod: 4
  m_FillAmount: 1
  m_FillClockwise: 1
  m_FillOrigin: 0
--- !u!222 &133195520
CanvasRenderer:
  m_ObjectHideFlags: 0
  m_PrefabParentObject: {fileID: 22208034, guid: 0b91c0c67766af54b8e5f8430270d95c,
    type: 2}
  m_PrefabInternal: {fileID: 65909048}
  m_GameObject: {fileID: 133195517}
--- !u!1 &166391693
GameObject:
  m_ObjectHideFlags: 0
  m_PrefabParentObject: {fileID: 108006, guid: 0b91c0c67766af54b8e5f8430270d95c, type: 2}
  m_PrefabInternal: {fileID: 65909048}
  serializedVersion: 4
  m_Component:
  - 224: {fileID: 166391694}
  - 222: {fileID: 166391696}
  - 114: {fileID: 166391695}
  m_Layer: 5
  m_Name: Blocks
  m_TagString: Untagged
  m_Icon: {fileID: 0}
  m_NavMeshLayer: 0
  m_StaticEditorFlags: 0
  m_IsActive: 1
--- !u!224 &166391694
RectTransform:
  m_ObjectHideFlags: 0
  m_PrefabParentObject: {fileID: 22408006, guid: 0b91c0c67766af54b8e5f8430270d95c,
    type: 2}
  m_PrefabInternal: {fileID: 65909048}
  m_GameObject: {fileID: 166391693}
  m_LocalRotation: {x: 0, y: 0, z: 0, w: 1}
  m_LocalPosition: {x: 0, y: 0, z: 0}
  m_LocalScale: {x: 1, y: 1, z: 1}
  m_LocalEulerAnglesHint: {x: 0, y: 0, z: 0}
  m_Children: []
  m_Father: {fileID: 683274110}
  m_RootOrder: 11
  m_AnchorMin: {x: 0.5, y: 0.5}
  m_AnchorMax: {x: 0.5, y: 0.5}
  m_AnchoredPosition: {x: -242, y: -290}
  m_SizeDelta: {x: 161, y: 111}
  m_Pivot: {x: 0.5, y: 0.5}
--- !u!114 &166391695
MonoBehaviour:
  m_ObjectHideFlags: 0
  m_PrefabParentObject: {fileID: 11408002, guid: 0b91c0c67766af54b8e5f8430270d95c,
    type: 2}
  m_PrefabInternal: {fileID: 65909048}
  m_GameObject: {fileID: 166391693}
  m_Enabled: 1
  m_EditorHideFlags: 0
  m_Script: {fileID: -765806418, guid: f5f67c52d1564df4a8936ccd202a3bd8, type: 3}
  m_Name: 
  m_EditorClassIdentifier: 
  m_Material: {fileID: 0}
  m_Color: {r: 0, g: 0.7372549, b: 0.37254903, a: 1}
  m_RaycastTarget: 1
  m_OnCullStateChanged:
    m_PersistentCalls:
      m_Calls: []
    m_TypeName: UnityEngine.UI.MaskableGraphic+CullStateChangedEvent, UnityEngine.UI,
      Version=1.0.0.0, Culture=neutral, PublicKeyToken=null
  m_Sprite: {fileID: 21300000, guid: 7ed1238760b863f4aafde32ab3a6f28c, type: 3}
  m_Type: 1
  m_PreserveAspect: 0
  m_FillCenter: 1
  m_FillMethod: 4
  m_FillAmount: 1
  m_FillClockwise: 1
  m_FillOrigin: 0
--- !u!222 &166391696
CanvasRenderer:
  m_ObjectHideFlags: 0
  m_PrefabParentObject: {fileID: 22208008, guid: 0b91c0c67766af54b8e5f8430270d95c,
    type: 2}
  m_PrefabInternal: {fileID: 65909048}
  m_GameObject: {fileID: 166391693}
--- !u!1 &465065347
GameObject:
  m_ObjectHideFlags: 0
  m_PrefabParentObject: {fileID: 108010, guid: 0b91c0c67766af54b8e5f8430270d95c, type: 2}
  m_PrefabInternal: {fileID: 65909048}
  serializedVersion: 4
  m_Component:
  - 224: {fileID: 465065348}
  - 222: {fileID: 465065350}
  - 114: {fileID: 465065349}
  m_Layer: 5
  m_Name: Blocks
  m_TagString: Untagged
  m_Icon: {fileID: 0}
  m_NavMeshLayer: 0
  m_StaticEditorFlags: 0
  m_IsActive: 1
--- !u!224 &465065348
RectTransform:
  m_ObjectHideFlags: 0
  m_PrefabParentObject: {fileID: 22408010, guid: 0b91c0c67766af54b8e5f8430270d95c,
    type: 2}
  m_PrefabInternal: {fileID: 65909048}
  m_GameObject: {fileID: 465065347}
  m_LocalRotation: {x: 0, y: 0, z: 0, w: 1}
  m_LocalPosition: {x: 0, y: 0, z: 0}
  m_LocalScale: {x: 1, y: 1, z: 1}
  m_LocalEulerAnglesHint: {x: 0, y: 0, z: 0}
  m_Children: []
  m_Father: {fileID: 683274110}
  m_RootOrder: 1
  m_AnchorMin: {x: 0.5, y: 0.5}
  m_AnchorMax: {x: 0.5, y: 0.5}
  m_AnchoredPosition: {x: -81, y: -512}
  m_SizeDelta: {x: 161, y: 111}
  m_Pivot: {x: 0.5, y: 0.5}
--- !u!114 &465065349
MonoBehaviour:
  m_ObjectHideFlags: 0
  m_PrefabParentObject: {fileID: 11408006, guid: 0b91c0c67766af54b8e5f8430270d95c,
    type: 2}
  m_PrefabInternal: {fileID: 65909048}
  m_GameObject: {fileID: 465065347}
  m_Enabled: 1
  m_EditorHideFlags: 0
  m_Script: {fileID: -765806418, guid: f5f67c52d1564df4a8936ccd202a3bd8, type: 3}
  m_Name: 
  m_EditorClassIdentifier: 
  m_Material: {fileID: 0}
  m_Color: {r: 0.19215687, g: 0.42745098, b: 0.32156864, a: 1}
  m_RaycastTarget: 1
  m_OnCullStateChanged:
    m_PersistentCalls:
      m_Calls: []
    m_TypeName: UnityEngine.UI.MaskableGraphic+CullStateChangedEvent, UnityEngine.UI,
      Version=1.0.0.0, Culture=neutral, PublicKeyToken=null
  m_Sprite: {fileID: 21300000, guid: 7ed1238760b863f4aafde32ab3a6f28c, type: 3}
  m_Type: 1
  m_PreserveAspect: 0
  m_FillCenter: 1
  m_FillMethod: 4
  m_FillAmount: 1
  m_FillClockwise: 1
  m_FillOrigin: 0
--- !u!222 &465065350
CanvasRenderer:
  m_ObjectHideFlags: 0
  m_PrefabParentObject: {fileID: 22208012, guid: 0b91c0c67766af54b8e5f8430270d95c,
    type: 2}
  m_PrefabInternal: {fileID: 65909048}
  m_GameObject: {fileID: 465065347}
--- !u!1 &467135414
GameObject:
  m_ObjectHideFlags: 0
  m_PrefabParentObject: {fileID: 108014, guid: 0b91c0c67766af54b8e5f8430270d95c, type: 2}
  m_PrefabInternal: {fileID: 65909048}
  serializedVersion: 4
  m_Component:
  - 224: {fileID: 467135415}
  - 222: {fileID: 467135417}
  - 114: {fileID: 467135416}
  m_Layer: 5
  m_Name: Blocks
  m_TagString: Untagged
  m_Icon: {fileID: 0}
  m_NavMeshLayer: 0
  m_StaticEditorFlags: 0
  m_IsActive: 1
--- !u!224 &467135415
RectTransform:
  m_ObjectHideFlags: 0
  m_PrefabParentObject: {fileID: 22408014, guid: 0b91c0c67766af54b8e5f8430270d95c,
    type: 2}
  m_PrefabInternal: {fileID: 65909048}
  m_GameObject: {fileID: 467135414}
  m_LocalRotation: {x: 0, y: 0, z: 0, w: 1}
  m_LocalPosition: {x: 0, y: 0, z: 0}
  m_LocalScale: {x: 1, y: 1, z: 1}
  m_LocalEulerAnglesHint: {x: 0, y: 0, z: 0}
  m_Children: []
  m_Father: {fileID: 683274110}
  m_RootOrder: 5
  m_AnchorMin: {x: 0.5, y: 0.5}
  m_AnchorMax: {x: 0.5, y: 0.5}
  m_AnchoredPosition: {x: 79, y: -290}
  m_SizeDelta: {x: 161, y: 111}
  m_Pivot: {x: 0.5, y: 0.5}
--- !u!114 &467135416
MonoBehaviour:
  m_ObjectHideFlags: 0
  m_PrefabParentObject: {fileID: 11408010, guid: 0b91c0c67766af54b8e5f8430270d95c,
    type: 2}
  m_PrefabInternal: {fileID: 65909048}
  m_GameObject: {fileID: 467135414}
  m_Enabled: 1
  m_EditorHideFlags: 0
  m_Script: {fileID: -765806418, guid: f5f67c52d1564df4a8936ccd202a3bd8, type: 3}
  m_Name: 
  m_EditorClassIdentifier: 
  m_Material: {fileID: 0}
  m_Color: {r: 0, g: 0.6784314, b: 0.36078432, a: 1}
  m_RaycastTarget: 1
  m_OnCullStateChanged:
    m_PersistentCalls:
      m_Calls: []
    m_TypeName: UnityEngine.UI.MaskableGraphic+CullStateChangedEvent, UnityEngine.UI,
      Version=1.0.0.0, Culture=neutral, PublicKeyToken=null
  m_Sprite: {fileID: 21300000, guid: 7ed1238760b863f4aafde32ab3a6f28c, type: 3}
  m_Type: 1
  m_PreserveAspect: 0
  m_FillCenter: 1
  m_FillMethod: 4
  m_FillAmount: 1
  m_FillClockwise: 1
  m_FillOrigin: 0
--- !u!222 &467135417
CanvasRenderer:
  m_ObjectHideFlags: 0
  m_PrefabParentObject: {fileID: 22208016, guid: 0b91c0c67766af54b8e5f8430270d95c,
    type: 2}
  m_PrefabInternal: {fileID: 65909048}
  m_GameObject: {fileID: 467135414}
--- !u!1 &529838391
GameObject:
  m_ObjectHideFlags: 0
  m_PrefabParentObject: {fileID: 108040, guid: 0b91c0c67766af54b8e5f8430270d95c, type: 2}
  m_PrefabInternal: {fileID: 65909048}
  serializedVersion: 4
  m_Component:
  - 224: {fileID: 529838392}
  - 222: {fileID: 529838394}
  - 114: {fileID: 529838393}
  m_Layer: 5
  m_Name: Blocks
  m_TagString: Untagged
  m_Icon: {fileID: 0}
  m_NavMeshLayer: 0
  m_StaticEditorFlags: 0
  m_IsActive: 1
--- !u!224 &529838392
RectTransform:
  m_ObjectHideFlags: 0
  m_PrefabParentObject: {fileID: 22408040, guid: 0b91c0c67766af54b8e5f8430270d95c,
    type: 2}
  m_PrefabInternal: {fileID: 65909048}
  m_GameObject: {fileID: 529838391}
  m_LocalRotation: {x: 0, y: 0, z: 0, w: 1}
  m_LocalPosition: {x: 0, y: 0, z: 0}
  m_LocalScale: {x: 1, y: 1, z: 1}
  m_LocalEulerAnglesHint: {x: 0, y: 0, z: 0}
  m_Children: []
  m_Father: {fileID: 683274110}
  m_RootOrder: 6
  m_AnchorMin: {x: 0.5, y: 0.5}
  m_AnchorMax: {x: 0.5, y: 0.5}
  m_AnchoredPosition: {x: 79, y: -179}
  m_SizeDelta: {x: 161, y: 111}
  m_Pivot: {x: 0.5, y: 0.5}
--- !u!114 &529838393
MonoBehaviour:
  m_ObjectHideFlags: 0
  m_PrefabParentObject: {fileID: 11408038, guid: 0b91c0c67766af54b8e5f8430270d95c,
    type: 2}
  m_PrefabInternal: {fileID: 65909048}
  m_GameObject: {fileID: 529838391}
  m_Enabled: 1
  m_EditorHideFlags: 0
  m_Script: {fileID: -765806418, guid: f5f67c52d1564df4a8936ccd202a3bd8, type: 3}
  m_Name: 
  m_EditorClassIdentifier: 
  m_Material: {fileID: 0}
  m_Color: {r: 0, g: 0.7372549, b: 0.37254903, a: 1}
  m_RaycastTarget: 1
  m_OnCullStateChanged:
    m_PersistentCalls:
      m_Calls: []
    m_TypeName: UnityEngine.UI.MaskableGraphic+CullStateChangedEvent, UnityEngine.UI,
      Version=1.0.0.0, Culture=neutral, PublicKeyToken=null
  m_Sprite: {fileID: 21300000, guid: 7ed1238760b863f4aafde32ab3a6f28c, type: 3}
  m_Type: 1
  m_PreserveAspect: 0
  m_FillCenter: 1
  m_FillMethod: 4
  m_FillAmount: 1
  m_FillClockwise: 1
  m_FillOrigin: 0
--- !u!222 &529838394
CanvasRenderer:
  m_ObjectHideFlags: 0
  m_PrefabParentObject: {fileID: 22208042, guid: 0b91c0c67766af54b8e5f8430270d95c,
    type: 2}
  m_PrefabInternal: {fileID: 65909048}
  m_GameObject: {fileID: 529838391}
--- !u!1 &557434233
GameObject:
  m_ObjectHideFlags: 0
  m_PrefabParentObject: {fileID: 108008, guid: 0b91c0c67766af54b8e5f8430270d95c, type: 2}
  m_PrefabInternal: {fileID: 65909048}
  serializedVersion: 4
  m_Component:
  - 224: {fileID: 557434234}
  - 222: {fileID: 557434236}
  - 114: {fileID: 557434235}
  m_Layer: 5
  m_Name: Blocks
  m_TagString: Untagged
  m_Icon: {fileID: 0}
  m_NavMeshLayer: 0
  m_StaticEditorFlags: 0
  m_IsActive: 1
--- !u!224 &557434234
RectTransform:
  m_ObjectHideFlags: 0
  m_PrefabParentObject: {fileID: 22408008, guid: 0b91c0c67766af54b8e5f8430270d95c,
    type: 2}
  m_PrefabInternal: {fileID: 65909048}
  m_GameObject: {fileID: 557434233}
  m_LocalRotation: {x: 0, y: 0, z: 0, w: 1}
  m_LocalPosition: {x: 0, y: 0, z: 0}
  m_LocalScale: {x: 1, y: 1, z: 1}
  m_LocalEulerAnglesHint: {x: 0, y: 0, z: 0}
  m_Children: []
  m_Father: {fileID: 683274110}
  m_RootOrder: 0
  m_AnchorMin: {x: 0.5, y: 0.5}
  m_AnchorMax: {x: 0.5, y: 0.5}
  m_AnchoredPosition: {x: -242, y: -512}
  m_SizeDelta: {x: 161, y: 111}
  m_Pivot: {x: 0.5, y: 0.5}
--- !u!114 &557434235
MonoBehaviour:
  m_ObjectHideFlags: 0
  m_PrefabParentObject: {fileID: 11408004, guid: 0b91c0c67766af54b8e5f8430270d95c,
    type: 2}
  m_PrefabInternal: {fileID: 65909048}
  m_GameObject: {fileID: 557434233}
  m_Enabled: 1
  m_EditorHideFlags: 0
  m_Script: {fileID: -765806418, guid: f5f67c52d1564df4a8936ccd202a3bd8, type: 3}
  m_Name: 
  m_EditorClassIdentifier: 
  m_Material: {fileID: 0}
  m_Color: {r: 0.19215687, g: 0.42745098, b: 0.32156864, a: 1}
  m_RaycastTarget: 1
  m_OnCullStateChanged:
    m_PersistentCalls:
      m_Calls: []
    m_TypeName: UnityEngine.UI.MaskableGraphic+CullStateChangedEvent, UnityEngine.UI,
      Version=1.0.0.0, Culture=neutral, PublicKeyToken=null
  m_Sprite: {fileID: 21300000, guid: 7ed1238760b863f4aafde32ab3a6f28c, type: 3}
  m_Type: 1
  m_PreserveAspect: 0
  m_FillCenter: 1
  m_FillMethod: 4
  m_FillAmount: 1
  m_FillClockwise: 1
  m_FillOrigin: 0
--- !u!222 &557434236
CanvasRenderer:
  m_ObjectHideFlags: 0
  m_PrefabParentObject: {fileID: 22208010, guid: 0b91c0c67766af54b8e5f8430270d95c,
    type: 2}
  m_PrefabInternal: {fileID: 65909048}
  m_GameObject: {fileID: 557434233}
--- !u!1 &599262101
GameObject:
  m_ObjectHideFlags: 0
  m_PrefabParentObject: {fileID: 108024, guid: 0b91c0c67766af54b8e5f8430270d95c, type: 2}
  m_PrefabInternal: {fileID: 65909048}
  serializedVersion: 4
  m_Component:
  - 224: {fileID: 599262102}
  - 222: {fileID: 599262104}
  - 114: {fileID: 599262103}
  m_Layer: 5
  m_Name: AppTitle
  m_TagString: Untagged
  m_Icon: {fileID: 0}
  m_NavMeshLayer: 0
  m_StaticEditorFlags: 0
  m_IsActive: 1
--- !u!224 &599262102
RectTransform:
  m_ObjectHideFlags: 0
  m_PrefabParentObject: {fileID: 22408024, guid: 0b91c0c67766af54b8e5f8430270d95c,
    type: 2}
  m_PrefabInternal: {fileID: 65909048}
  m_GameObject: {fileID: 599262101}
  m_LocalRotation: {x: 0, y: 0, z: 0, w: 1}
  m_LocalPosition: {x: 0, y: 0, z: 0}
  m_LocalScale: {x: 1, y: 1, z: 1}
  m_LocalEulerAnglesHint: {x: 0, y: 0, z: 0}
  m_Children: []
  m_Father: {fileID: 2062896685}
  m_RootOrder: 0
  m_AnchorMin: {x: 0.5, y: 0.5}
  m_AnchorMax: {x: 0.5, y: 0.5}
  m_AnchoredPosition: {x: 295, y: -68}
  m_SizeDelta: {x: 695, y: 109}
  m_Pivot: {x: 0.5, y: 0.5}
--- !u!114 &599262103
MonoBehaviour:
  m_ObjectHideFlags: 0
  m_PrefabParentObject: {fileID: 11408022, guid: 0b91c0c67766af54b8e5f8430270d95c,
    type: 2}
  m_PrefabInternal: {fileID: 65909048}
  m_GameObject: {fileID: 599262101}
  m_Enabled: 1
  m_EditorHideFlags: 0
  m_Script: {fileID: 708705254, guid: f5f67c52d1564df4a8936ccd202a3bd8, type: 3}
  m_Name: 
  m_EditorClassIdentifier: 
  m_Material: {fileID: 0}
  m_Color: {r: 0.85490197, g: 0.85490197, b: 0.85490197, a: 1}
  m_RaycastTarget: 1
  m_OnCullStateChanged:
    m_PersistentCalls:
      m_Calls: []
    m_TypeName: UnityEngine.UI.MaskableGraphic+CullStateChangedEvent, UnityEngine.UI,
      Version=1.0.0.0, Culture=neutral, PublicKeyToken=null
  m_FontData:
    m_Font: {fileID: 12800000, guid: 218956a5c2a6e42d6a60afccf80b002b, type: 3}
    m_FontSize: 40
    m_FontStyle: 0
    m_BestFit: 0
    m_MinSize: 10
    m_MaxSize: 40
    m_Alignment: 0
    m_AlignByGeometry: 0
    m_RichText: 1
    m_HorizontalOverflow: 0
    m_VerticalOverflow: 1
    m_LineSpacing: 1
  m_Text: EXAMPLE
--- !u!222 &599262104
CanvasRenderer:
  m_ObjectHideFlags: 0
  m_PrefabParentObject: {fileID: 22208026, guid: 0b91c0c67766af54b8e5f8430270d95c,
    type: 2}
  m_PrefabInternal: {fileID: 65909048}
  m_GameObject: {fileID: 599262101}
--- !u!1 &683274109
GameObject:
  m_ObjectHideFlags: 0
  m_PrefabParentObject: {fileID: 108016, guid: 0b91c0c67766af54b8e5f8430270d95c, type: 2}
  m_PrefabInternal: {fileID: 65909048}
  serializedVersion: 4
  m_Component:
  - 224: {fileID: 683274110}
  - 222: {fileID: 683274113}
  - 114: {fileID: 683274112}
  - 114: {fileID: 683274111}
  m_Layer: 5
  m_Name: Panel
  m_TagString: Untagged
  m_Icon: {fileID: 0}
  m_NavMeshLayer: 0
  m_StaticEditorFlags: 0
  m_IsActive: 1
--- !u!224 &683274110
RectTransform:
  m_ObjectHideFlags: 0
  m_PrefabParentObject: {fileID: 22408016, guid: 0b91c0c67766af54b8e5f8430270d95c,
    type: 2}
  m_PrefabInternal: {fileID: 65909048}
  m_GameObject: {fileID: 683274109}
  m_LocalRotation: {x: 0, y: 0, z: 0, w: 1}
  m_LocalPosition: {x: 0, y: 0, z: 0}
  m_LocalScale: {x: 1, y: 1, z: 1}
  m_LocalEulerAnglesHint: {x: 0, y: 0, z: 0}
  m_Children:
  - {fileID: 557434234}
  - {fileID: 465065348}
  - {fileID: 1066828701}
  - {fileID: 95524629}
  - {fileID: 1312723126}
  - {fileID: 467135415}
  - {fileID: 529838392}
  - {fileID: 1721088573}
  - {fileID: 945663038}
  - {fileID: 133195518}
  - {fileID: 2004995879}
  - {fileID: 166391694}
  - {fileID: 886138983}
  - {fileID: 2121391646}
  - {fileID: 1538565155}
  m_Father: {fileID: 1466847708}
  m_RootOrder: 1
  m_AnchorMin: {x: 0.5, y: 0.5}
  m_AnchorMax: {x: 0.5, y: 0.5}
  m_AnchoredPosition: {x: 0, y: -0.020019531}
  m_SizeDelta: {x: 640, y: 1136}
  m_Pivot: {x: 0.5, y: 0.5}
--- !u!114 &683274111
MonoBehaviour:
  m_ObjectHideFlags: 0
  m_PrefabParentObject: {fileID: 11408014, guid: 0b91c0c67766af54b8e5f8430270d95c,
    type: 2}
  m_PrefabInternal: {fileID: 65909048}
  m_GameObject: {fileID: 683274109}
  m_Enabled: 1
  m_EditorHideFlags: 0
  m_Script: {fileID: -1200242548, guid: f5f67c52d1564df4a8936ccd202a3bd8, type: 3}
  m_Name: 
  m_EditorClassIdentifier: 
  m_ShowMaskGraphic: 1
--- !u!114 &683274112
MonoBehaviour:
  m_ObjectHideFlags: 0
  m_PrefabParentObject: {fileID: 11408012, guid: 0b91c0c67766af54b8e5f8430270d95c,
    type: 2}
  m_PrefabInternal: {fileID: 65909048}
  m_GameObject: {fileID: 683274109}
  m_Enabled: 1
  m_EditorHideFlags: 0
  m_Script: {fileID: -765806418, guid: f5f67c52d1564df4a8936ccd202a3bd8, type: 3}
  m_Name: 
  m_EditorClassIdentifier: 
  m_Material: {fileID: 0}
  m_Color: {r: 0.2794118, g: 0.2794118, b: 0.2794118, a: 1}
  m_RaycastTarget: 1
  m_OnCullStateChanged:
    m_PersistentCalls:
      m_Calls: []
    m_TypeName: UnityEngine.UI.MaskableGraphic+CullStateChangedEvent, UnityEngine.UI,
      Version=1.0.0.0, Culture=neutral, PublicKeyToken=null
  m_Sprite: {fileID: 21300000, guid: 7ed1238760b863f4aafde32ab3a6f28c, type: 3}
  m_Type: 1
  m_PreserveAspect: 0
  m_FillCenter: 1
  m_FillMethod: 4
  m_FillAmount: 1
  m_FillClockwise: 1
  m_FillOrigin: 0
--- !u!222 &683274113
CanvasRenderer:
  m_ObjectHideFlags: 0
  m_PrefabParentObject: {fileID: 22208018, guid: 0b91c0c67766af54b8e5f8430270d95c,
    type: 2}
  m_PrefabInternal: {fileID: 65909048}
  m_GameObject: {fileID: 683274109}
--- !u!1 &886138982
GameObject:
  m_ObjectHideFlags: 0
  m_PrefabParentObject: {fileID: 108022, guid: 0b91c0c67766af54b8e5f8430270d95c, type: 2}
  m_PrefabInternal: {fileID: 65909048}
  serializedVersion: 4
  m_Component:
  - 224: {fileID: 886138983}
  - 222: {fileID: 886138985}
  - 114: {fileID: 886138984}
  m_Layer: 5
  m_Name: Blocks
  m_TagString: Untagged
  m_Icon: {fileID: 0}
  m_NavMeshLayer: 0
  m_StaticEditorFlags: 0
  m_IsActive: 1
--- !u!224 &886138983
RectTransform:
  m_ObjectHideFlags: 0
  m_PrefabParentObject: {fileID: 22408022, guid: 0b91c0c67766af54b8e5f8430270d95c,
    type: 2}
  m_PrefabInternal: {fileID: 65909048}
  m_GameObject: {fileID: 886138982}
  m_LocalRotation: {x: 0, y: 0, z: 0, w: 1}
  m_LocalPosition: {x: 0, y: 0, z: 0}
  m_LocalScale: {x: 1, y: 1, z: 1}
  m_LocalEulerAnglesHint: {x: 0, y: 0, z: 0}
  m_Children: []
  m_Father: {fileID: 683274110}
  m_RootOrder: 12
  m_AnchorMin: {x: 0.5, y: 0.5}
  m_AnchorMax: {x: 0.5, y: 0.5}
  m_AnchoredPosition: {x: -82, y: -19}
  m_SizeDelta: {x: 161, y: 111}
  m_Pivot: {x: 0.5, y: 0.5}
--- !u!114 &886138984
MonoBehaviour:
  m_ObjectHideFlags: 0
  m_PrefabParentObject: {fileID: 11408020, guid: 0b91c0c67766af54b8e5f8430270d95c,
    type: 2}
  m_PrefabInternal: {fileID: 65909048}
  m_GameObject: {fileID: 886138982}
  m_Enabled: 1
  m_EditorHideFlags: 0
  m_Script: {fileID: -765806418, guid: f5f67c52d1564df4a8936ccd202a3bd8, type: 3}
  m_Name: 
  m_EditorClassIdentifier: 
  m_Material: {fileID: 0}
  m_Color: {r: 0, g: 0.54901963, b: 0.3372549, a: 1}
  m_RaycastTarget: 1
  m_OnCullStateChanged:
    m_PersistentCalls:
      m_Calls: []
    m_TypeName: UnityEngine.UI.MaskableGraphic+CullStateChangedEvent, UnityEngine.UI,
      Version=1.0.0.0, Culture=neutral, PublicKeyToken=null
  m_Sprite: {fileID: 21300000, guid: 7ed1238760b863f4aafde32ab3a6f28c, type: 3}
  m_Type: 1
  m_PreserveAspect: 0
  m_FillCenter: 1
  m_FillMethod: 4
  m_FillAmount: 1
  m_FillClockwise: 1
  m_FillOrigin: 0
--- !u!222 &886138985
CanvasRenderer:
  m_ObjectHideFlags: 0
  m_PrefabParentObject: {fileID: 22208024, guid: 0b91c0c67766af54b8e5f8430270d95c,
    type: 2}
  m_PrefabInternal: {fileID: 65909048}
  m_GameObject: {fileID: 886138982}
--- !u!1 &945663037
GameObject:
  m_ObjectHideFlags: 0
  m_PrefabParentObject: {fileID: 108020, guid: 0b91c0c67766af54b8e5f8430270d95c, type: 2}
  m_PrefabInternal: {fileID: 65909048}
  serializedVersion: 4
  m_Component:
  - 224: {fileID: 945663038}
  - 222: {fileID: 945663040}
  - 114: {fileID: 945663039}
  m_Layer: 5
  m_Name: Blocks
  m_TagString: Untagged
  m_Icon: {fileID: 0}
  m_NavMeshLayer: 0
  m_StaticEditorFlags: 0
  m_IsActive: 1
--- !u!224 &945663038
RectTransform:
  m_ObjectHideFlags: 0
  m_PrefabParentObject: {fileID: 22408020, guid: 0b91c0c67766af54b8e5f8430270d95c,
    type: 2}
  m_PrefabInternal: {fileID: 65909048}
  m_GameObject: {fileID: 945663037}
  m_LocalRotation: {x: 0, y: 0, z: 0, w: 1}
  m_LocalPosition: {x: 0, y: 0, z: 0}
  m_LocalScale: {x: 1, y: 1, z: 1}
  m_LocalEulerAnglesHint: {x: 0, y: 0, z: 0}
  m_Children: []
  m_Father: {fileID: 683274110}
  m_RootOrder: 8
  m_AnchorMin: {x: 0.5, y: 0.5}
  m_AnchorMax: {x: 0.5, y: 0.5}
  m_AnchoredPosition: {x: -239.5, y: -401}
  m_SizeDelta: {x: 161, y: 111}
  m_Pivot: {x: 0.5, y: 0.5}
--- !u!114 &945663039
MonoBehaviour:
  m_ObjectHideFlags: 0
  m_PrefabParentObject: {fileID: 11408018, guid: 0b91c0c67766af54b8e5f8430270d95c,
    type: 2}
  m_PrefabInternal: {fileID: 65909048}
  m_GameObject: {fileID: 945663037}
  m_Enabled: 1
  m_EditorHideFlags: 0
  m_Script: {fileID: -765806418, guid: f5f67c52d1564df4a8936ccd202a3bd8, type: 3}
  m_Name: 
  m_EditorClassIdentifier: 
  m_Material: {fileID: 0}
  m_Color: {r: 0, g: 0.6784314, b: 0.36078432, a: 1}
  m_RaycastTarget: 1
  m_OnCullStateChanged:
    m_PersistentCalls:
      m_Calls: []
    m_TypeName: UnityEngine.UI.MaskableGraphic+CullStateChangedEvent, UnityEngine.UI,
      Version=1.0.0.0, Culture=neutral, PublicKeyToken=null
  m_Sprite: {fileID: 21300000, guid: 7ed1238760b863f4aafde32ab3a6f28c, type: 3}
  m_Type: 1
  m_PreserveAspect: 0
  m_FillCenter: 1
  m_FillMethod: 4
  m_FillAmount: 1
  m_FillClockwise: 1
  m_FillOrigin: 0
--- !u!222 &945663040
CanvasRenderer:
  m_ObjectHideFlags: 0
  m_PrefabParentObject: {fileID: 22208022, guid: 0b91c0c67766af54b8e5f8430270d95c,
    type: 2}
  m_PrefabInternal: {fileID: 65909048}
  m_GameObject: {fileID: 945663037}
--- !u!1 &1066828700
GameObject:
  m_ObjectHideFlags: 0
  m_PrefabParentObject: {fileID: 108038, guid: 0b91c0c67766af54b8e5f8430270d95c, type: 2}
  m_PrefabInternal: {fileID: 65909048}
  serializedVersion: 4
  m_Component:
  - 224: {fileID: 1066828701}
  - 222: {fileID: 1066828703}
  - 114: {fileID: 1066828702}
  m_Layer: 5
  m_Name: Blocks
  m_TagString: Untagged
  m_Icon: {fileID: 0}
  m_NavMeshLayer: 0
  m_StaticEditorFlags: 0
  m_IsActive: 1
--- !u!224 &1066828701
RectTransform:
  m_ObjectHideFlags: 0
  m_PrefabParentObject: {fileID: 22408038, guid: 0b91c0c67766af54b8e5f8430270d95c,
    type: 2}
  m_PrefabInternal: {fileID: 65909048}
  m_GameObject: {fileID: 1066828700}
  m_LocalRotation: {x: 0, y: 0, z: 0, w: 1}
  m_LocalPosition: {x: 0, y: 0, z: 0}
  m_LocalScale: {x: 1, y: 1, z: 1}
  m_LocalEulerAnglesHint: {x: 0, y: 0, z: 0}
  m_Children: []
  m_Father: {fileID: 683274110}
  m_RootOrder: 2
  m_AnchorMin: {x: 0.5, y: 0.5}
  m_AnchorMax: {x: 0.5, y: 0.5}
  m_AnchoredPosition: {x: 79, y: -512}
  m_SizeDelta: {x: 161, y: 111}
  m_Pivot: {x: 0.5, y: 0.5}
--- !u!114 &1066828702
MonoBehaviour:
  m_ObjectHideFlags: 0
  m_PrefabParentObject: {fileID: 11408036, guid: 0b91c0c67766af54b8e5f8430270d95c,
    type: 2}
  m_PrefabInternal: {fileID: 65909048}
  m_GameObject: {fileID: 1066828700}
  m_Enabled: 1
  m_EditorHideFlags: 0
  m_Script: {fileID: -765806418, guid: f5f67c52d1564df4a8936ccd202a3bd8, type: 3}
  m_Name: 
  m_EditorClassIdentifier: 
  m_Material: {fileID: 0}
  m_Color: {r: 0.02745098, g: 0.4862745, b: 0.32941177, a: 1}
  m_RaycastTarget: 1
  m_OnCullStateChanged:
    m_PersistentCalls:
      m_Calls: []
    m_TypeName: UnityEngine.UI.MaskableGraphic+CullStateChangedEvent, UnityEngine.UI,
      Version=1.0.0.0, Culture=neutral, PublicKeyToken=null
  m_Sprite: {fileID: 21300000, guid: 7ed1238760b863f4aafde32ab3a6f28c, type: 3}
  m_Type: 1
  m_PreserveAspect: 0
  m_FillCenter: 1
  m_FillMethod: 4
  m_FillAmount: 1
  m_FillClockwise: 1
  m_FillOrigin: 0
--- !u!222 &1066828703
CanvasRenderer:
  m_ObjectHideFlags: 0
  m_PrefabParentObject: {fileID: 22208040, guid: 0b91c0c67766af54b8e5f8430270d95c,
    type: 2}
  m_PrefabInternal: {fileID: 65909048}
  m_GameObject: {fileID: 1066828700}
--- !u!1 &1165091686
GameObject:
  m_ObjectHideFlags: 0
  m_PrefabParentObject: {fileID: 108018, guid: 0b91c0c67766af54b8e5f8430270d95c, type: 2}
  m_PrefabInternal: {fileID: 65909048}
  serializedVersion: 4
  m_Component:
  - 224: {fileID: 1165091687}
  - 222: {fileID: 1165091689}
  - 114: {fileID: 1165091688}
  m_Layer: 5
  m_Name: Text
  m_TagString: Untagged
  m_Icon: {fileID: 0}
  m_NavMeshLayer: 0
  m_StaticEditorFlags: 0
  m_IsActive: 1
--- !u!224 &1165091687
RectTransform:
  m_ObjectHideFlags: 0
  m_PrefabParentObject: {fileID: 22408018, guid: 0b91c0c67766af54b8e5f8430270d95c,
    type: 2}
  m_PrefabInternal: {fileID: 65909048}
  m_GameObject: {fileID: 1165091686}
  m_LocalRotation: {x: 0, y: 0, z: 0, w: 1}
  m_LocalPosition: {x: 0, y: 0, z: 0}
  m_LocalScale: {x: 1, y: 1, z: 1}
  m_LocalEulerAnglesHint: {x: 0, y: 0, z: 0}
  m_Children: []
  m_Father: {fileID: 1538565155}
  m_RootOrder: 1
  m_AnchorMin: {x: 0.5, y: 0.5}
  m_AnchorMax: {x: 0.5, y: 0.5}
  m_AnchoredPosition: {x: -229, y: -204}
  m_SizeDelta: {x: 586, y: 167}
  m_Pivot: {x: 0.5, y: 0.5}
--- !u!114 &1165091688
MonoBehaviour:
  m_ObjectHideFlags: 0
  m_PrefabParentObject: {fileID: 11408016, guid: 0b91c0c67766af54b8e5f8430270d95c,
    type: 2}
  m_PrefabInternal: {fileID: 65909048}
  m_GameObject: {fileID: 1165091686}
  m_Enabled: 1
  m_EditorHideFlags: 0
  m_Script: {fileID: 708705254, guid: f5f67c52d1564df4a8936ccd202a3bd8, type: 3}
  m_Name: 
  m_EditorClassIdentifier: 
  m_Material: {fileID: 0}
  m_Color: {r: 0.9529412, g: 0.9019608, b: 0.76862746, a: 1}
  m_RaycastTarget: 1
  m_OnCullStateChanged:
    m_PersistentCalls:
      m_Calls: []
    m_TypeName: UnityEngine.UI.MaskableGraphic+CullStateChangedEvent, UnityEngine.UI,
      Version=1.0.0.0, Culture=neutral, PublicKeyToken=null
  m_FontData:
    m_Font: {fileID: 12800000, guid: 5c425d43bb0df45ca8eb162d5154251e, type: 3}
    m_FontSize: 100
    m_FontStyle: 0
    m_BestFit: 0
    m_MinSize: 10
    m_MaxSize: 100
    m_Alignment: 4
    m_AlignByGeometry: 0
    m_RichText: 1
    m_HorizontalOverflow: 0
    m_VerticalOverflow: 0
    m_LineSpacing: 1
  m_Text: SQUARES
--- !u!222 &1165091689
CanvasRenderer:
  m_ObjectHideFlags: 0
  m_PrefabParentObject: {fileID: 22208020, guid: 0b91c0c67766af54b8e5f8430270d95c,
    type: 2}
  m_PrefabInternal: {fileID: 65909048}
  m_GameObject: {fileID: 1165091686}
--- !u!1 &1312723125
GameObject:
  m_ObjectHideFlags: 0
  m_PrefabParentObject: {fileID: 108034, guid: 0b91c0c67766af54b8e5f8430270d95c, type: 2}
  m_PrefabInternal: {fileID: 65909048}
  serializedVersion: 4
  m_Component:
  - 224: {fileID: 1312723126}
  - 222: {fileID: 1312723128}
  - 114: {fileID: 1312723127}
  m_Layer: 5
  m_Name: Blocks
  m_TagString: Untagged
  m_Icon: {fileID: 0}
  m_NavMeshLayer: 0
  m_StaticEditorFlags: 0
  m_IsActive: 1
--- !u!224 &1312723126
RectTransform:
  m_ObjectHideFlags: 0
  m_PrefabParentObject: {fileID: 22408034, guid: 0b91c0c67766af54b8e5f8430270d95c,
    type: 2}
  m_PrefabInternal: {fileID: 65909048}
  m_GameObject: {fileID: 1312723125}
  m_LocalRotation: {x: 0, y: 0, z: 0, w: 1}
  m_LocalPosition: {x: 0, y: 0, z: 0}
  m_LocalScale: {x: 1, y: 1, z: 1}
  m_LocalEulerAnglesHint: {x: 0, y: 0, z: 0}
  m_Children: []
  m_Father: {fileID: 683274110}
  m_RootOrder: 4
  m_AnchorMin: {x: 0.5, y: 0.5}
  m_AnchorMax: {x: 0.5, y: 0.5}
  m_AnchoredPosition: {x: 79, y: -401}
  m_SizeDelta: {x: 161, y: 111}
  m_Pivot: {x: 0.5, y: 0.5}
--- !u!114 &1312723127
MonoBehaviour:
  m_ObjectHideFlags: 0
  m_PrefabParentObject: {fileID: 11408032, guid: 0b91c0c67766af54b8e5f8430270d95c,
    type: 2}
  m_PrefabInternal: {fileID: 65909048}
  m_GameObject: {fileID: 1312723125}
  m_Enabled: 1
  m_EditorHideFlags: 0
  m_Script: {fileID: -765806418, guid: f5f67c52d1564df4a8936ccd202a3bd8, type: 3}
  m_Name: 
  m_EditorClassIdentifier: 
  m_Material: {fileID: 0}
  m_Color: {r: 0, g: 0.54901963, b: 0.3372549, a: 1}
  m_RaycastTarget: 1
  m_OnCullStateChanged:
    m_PersistentCalls:
      m_Calls: []
    m_TypeName: UnityEngine.UI.MaskableGraphic+CullStateChangedEvent, UnityEngine.UI,
      Version=1.0.0.0, Culture=neutral, PublicKeyToken=null
  m_Sprite: {fileID: 21300000, guid: 7ed1238760b863f4aafde32ab3a6f28c, type: 3}
  m_Type: 1
  m_PreserveAspect: 0
  m_FillCenter: 1
  m_FillMethod: 4
  m_FillAmount: 1
  m_FillClockwise: 1
  m_FillOrigin: 0
--- !u!222 &1312723128
CanvasRenderer:
  m_ObjectHideFlags: 0
  m_PrefabParentObject: {fileID: 22208036, guid: 0b91c0c67766af54b8e5f8430270d95c,
    type: 2}
  m_PrefabInternal: {fileID: 65909048}
  m_GameObject: {fileID: 1312723125}
--- !u!1 &1421682534
GameObject:
  m_ObjectHideFlags: 0
  m_PrefabParentObject: {fileID: 108012, guid: 0b91c0c67766af54b8e5f8430270d95c, type: 2}
  m_PrefabInternal: {fileID: 65909048}
  serializedVersion: 4
  m_Component:
  - 224: {fileID: 1421682535}
  - 222: {fileID: 1421682537}
  - 114: {fileID: 1421682536}
  m_Layer: 5
  m_Name: Text
  m_TagString: Untagged
  m_Icon: {fileID: 0}
  m_NavMeshLayer: 0
  m_StaticEditorFlags: 0
  m_IsActive: 1
--- !u!224 &1421682535
RectTransform:
  m_ObjectHideFlags: 0
  m_PrefabParentObject: {fileID: 22408012, guid: 0b91c0c67766af54b8e5f8430270d95c,
    type: 2}
  m_PrefabInternal: {fileID: 65909048}
  m_GameObject: {fileID: 1421682534}
  m_LocalRotation: {x: 0, y: 0, z: 0, w: 1}
  m_LocalPosition: {x: 0, y: 0, z: 0}
  m_LocalScale: {x: 1, y: 1, z: 1}
  m_LocalEulerAnglesHint: {x: 0, y: 0, z: 0}
  m_Children: []
  m_Father: {fileID: 1538565155}
  m_RootOrder: 0
  m_AnchorMin: {x: 0.5, y: 0.5}
  m_AnchorMax: {x: 0.5, y: 0.5}
  m_AnchoredPosition: {x: -441, y: 0}
  m_SizeDelta: {x: 216, y: 107}
  m_Pivot: {x: 0.5, y: 0.5}
--- !u!114 &1421682536
MonoBehaviour:
  m_ObjectHideFlags: 0
  m_PrefabParentObject: {fileID: 11408008, guid: 0b91c0c67766af54b8e5f8430270d95c,
    type: 2}
  m_PrefabInternal: {fileID: 65909048}
  m_GameObject: {fileID: 1421682534}
  m_Enabled: 1
  m_EditorHideFlags: 0
  m_Script: {fileID: 708705254, guid: f5f67c52d1564df4a8936ccd202a3bd8, type: 3}
  m_Name: 
  m_EditorClassIdentifier: 
  m_Material: {fileID: 0}
  m_Color: {r: 0.9529412, g: 0.9019608, b: 0.76862746, a: 1}
  m_RaycastTarget: 1
  m_OnCullStateChanged:
    m_PersistentCalls:
      m_Calls: []
    m_TypeName: UnityEngine.UI.MaskableGraphic+CullStateChangedEvent, UnityEngine.UI,
      Version=1.0.0.0, Culture=neutral, PublicKeyToken=null
  m_FontData:
    m_Font: {fileID: 12800000, guid: bd1ea67ca2b5742d1a24fcbdc17c55e1, type: 3}
    m_FontSize: 32
    m_FontStyle: 0
    m_BestFit: 0
    m_MinSize: 10
    m_MaxSize: 40
    m_Alignment: 4
    m_AlignByGeometry: 0
    m_RichText: 1
    m_HorizontalOverflow: 0
    m_VerticalOverflow: 0
    m_LineSpacing: 1
  m_Text: Map 3
--- !u!222 &1421682537
CanvasRenderer:
  m_ObjectHideFlags: 0
  m_PrefabParentObject: {fileID: 22208014, guid: 0b91c0c67766af54b8e5f8430270d95c,
    type: 2}
  m_PrefabInternal: {fileID: 65909048}
  m_GameObject: {fileID: 1421682534}
--- !u!1 &1466847704
GameObject:
  m_ObjectHideFlags: 0
  m_PrefabParentObject: {fileID: 108042, guid: 0b91c0c67766af54b8e5f8430270d95c, type: 2}
  m_PrefabInternal: {fileID: 65909048}
  serializedVersion: 4
  m_Component:
  - 224: {fileID: 1466847708}
  - 223: {fileID: 1466847707}
  - 114: {fileID: 1466847706}
  - 114: {fileID: 1466847705}
  m_Layer: 5
  m_Name: GameExample_10
  m_TagString: Untagged
  m_Icon: {fileID: 0}
  m_NavMeshLayer: 0
  m_StaticEditorFlags: 0
  m_IsActive: 1
--- !u!114 &1466847705
MonoBehaviour:
  m_ObjectHideFlags: 0
  m_PrefabParentObject: {fileID: 11408042, guid: 0b91c0c67766af54b8e5f8430270d95c,
    type: 2}
  m_PrefabInternal: {fileID: 65909048}
  m_GameObject: {fileID: 1466847704}
  m_Enabled: 1
  m_EditorHideFlags: 0
  m_Script: {fileID: 1301386320, guid: f5f67c52d1564df4a8936ccd202a3bd8, type: 3}
  m_Name: 
  m_EditorClassIdentifier: 
  m_IgnoreReversedGraphics: 1
  m_BlockingObjects: 0
  m_BlockingMask:
    serializedVersion: 2
    m_Bits: 4294967295
--- !u!114 &1466847706
MonoBehaviour:
  m_ObjectHideFlags: 0
  m_PrefabParentObject: {fileID: 11408040, guid: 0b91c0c67766af54b8e5f8430270d95c,
    type: 2}
  m_PrefabInternal: {fileID: 65909048}
  m_GameObject: {fileID: 1466847704}
  m_Enabled: 1
  m_EditorHideFlags: 0
  m_Script: {fileID: 1980459831, guid: f5f67c52d1564df4a8936ccd202a3bd8, type: 3}
  m_Name: 
  m_EditorClassIdentifier: 
  m_UiScaleMode: 1
  m_ReferencePixelsPerUnit: 100
  m_ScaleFactor: 1
  m_ReferenceResolution: {x: 640, y: 1136}
  m_ScreenMatchMode: 0
  m_MatchWidthOrHeight: 1
  m_PhysicalUnit: 3
  m_FallbackScreenDPI: 96
  m_DefaultSpriteDPI: 96
  m_DynamicPixelsPerUnit: 1
--- !u!223 &1466847707
Canvas:
  m_ObjectHideFlags: 0
  m_PrefabParentObject: {fileID: 22308042, guid: 0b91c0c67766af54b8e5f8430270d95c,
    type: 2}
  m_PrefabInternal: {fileID: 65909048}
  m_GameObject: {fileID: 1466847704}
  m_Enabled: 1
  serializedVersion: 2
  m_RenderMode: 0
  m_Camera: {fileID: 0}
  m_PlaneDistance: 100
  m_PixelPerfect: 1
  m_ReceivesEvents: 1
  m_OverrideSorting: 0
  m_OverridePixelPerfect: 0
  m_SortingBucketNormalizedSize: 0
  m_SortingLayerID: 0
  m_SortingOrder: 0
  m_TargetDisplay: 0
--- !u!224 &1466847708
RectTransform:
  m_ObjectHideFlags: 0
  m_PrefabParentObject: {fileID: 22408042, guid: 0b91c0c67766af54b8e5f8430270d95c,
    type: 2}
  m_PrefabInternal: {fileID: 65909048}
  m_GameObject: {fileID: 1466847704}
  m_LocalRotation: {x: 0, y: 0, z: 0, w: 1}
  m_LocalPosition: {x: 0, y: 0, z: 0}
  m_LocalScale: {x: 0, y: 0, z: 0}
  m_LocalEulerAnglesHint: {x: 0, y: 0, z: 0}
  m_Children:
  - {fileID: 2062896685}
  - {fileID: 683274110}
  m_Father: {fileID: 0}
  m_RootOrder: 0
  m_AnchorMin: {x: 0, y: 0}
  m_AnchorMax: {x: 0, y: 0}
  m_AnchoredPosition: {x: 0, y: 0}
  m_SizeDelta: {x: 0, y: 0}
  m_Pivot: {x: 0, y: 0}
--- !u!1 &1500371475
GameObject:
  m_ObjectHideFlags: 0
  m_PrefabParentObject: {fileID: 0}
  m_PrefabInternal: {fileID: 0}
  serializedVersion: 4
  m_Component:
  - 4: {fileID: 1500371479}
  - 114: {fileID: 1500371478}
  - 114: {fileID: 1500371477}
  - 114: {fileID: 1500371476}
  m_Layer: 0
  m_Name: EventSystem
  m_TagString: Untagged
  m_Icon: {fileID: 0}
  m_NavMeshLayer: 0
  m_StaticEditorFlags: 0
  m_IsActive: 1
--- !u!114 &1500371476
MonoBehaviour:
  m_ObjectHideFlags: 0
  m_PrefabParentObject: {fileID: 0}
  m_PrefabInternal: {fileID: 0}
  m_GameObject: {fileID: 1500371475}
  m_Enabled: 1
  m_EditorHideFlags: 0
  m_Script: {fileID: 1997211142, guid: f5f67c52d1564df4a8936ccd202a3bd8, type: 3}
  m_Name: 
  m_EditorClassIdentifier: 
  m_ForceModuleActive: 0
--- !u!114 &1500371477
MonoBehaviour:
  m_ObjectHideFlags: 0
  m_PrefabParentObject: {fileID: 0}
  m_PrefabInternal: {fileID: 0}
  m_GameObject: {fileID: 1500371475}
  m_Enabled: 1
  m_EditorHideFlags: 0
  m_Script: {fileID: 1077351063, guid: f5f67c52d1564df4a8936ccd202a3bd8, type: 3}
  m_Name: 
  m_EditorClassIdentifier: 
  m_HorizontalAxis: Horizontal
  m_VerticalAxis: Vertical
  m_SubmitButton: Submit
  m_CancelButton: Cancel
  m_InputActionsPerSecond: 10
  m_RepeatDelay: 0.5
  m_ForceModuleActive: 0
--- !u!114 &1500371478
MonoBehaviour:
  m_ObjectHideFlags: 0
  m_PrefabParentObject: {fileID: 0}
  m_PrefabInternal: {fileID: 0}
  m_GameObject: {fileID: 1500371475}
  m_Enabled: 1
  m_EditorHideFlags: 0
  m_Script: {fileID: -619905303, guid: f5f67c52d1564df4a8936ccd202a3bd8, type: 3}
  m_Name: 
  m_EditorClassIdentifier: 
  m_FirstSelected: {fileID: 0}
  m_sendNavigationEvents: 1
  m_DragThreshold: 5
--- !u!4 &1500371479
Transform:
  m_ObjectHideFlags: 0
  m_PrefabParentObject: {fileID: 0}
  m_PrefabInternal: {fileID: 0}
  m_GameObject: {fileID: 1500371475}
  m_LocalRotation: {x: 0, y: 0, z: 0, w: 1}
  m_LocalPosition: {x: 0, y: 0, z: 0}
  m_LocalScale: {x: 1, y: 1, z: 1}
  m_LocalEulerAnglesHint: {x: 0, y: 0, z: 0}
  m_Children: []
  m_Father: {fileID: 0}
  m_RootOrder: 1
--- !u!1 &1511305452
GameObject:
  m_ObjectHideFlags: 0
  m_PrefabParentObject: {fileID: 0}
  m_PrefabInternal: {fileID: 0}
  serializedVersion: 4
  m_Component:
  - 4: {fileID: 1511305453}
  m_Layer: 0
  m_Name: __SET_YOUR_GAMESCREEN_TO_640x1136
  m_TagString: Untagged
  m_Icon: {fileID: 0}
  m_NavMeshLayer: 0
  m_StaticEditorFlags: 0
  m_IsActive: 1
--- !u!4 &1511305453
Transform:
  m_ObjectHideFlags: 0
  m_PrefabParentObject: {fileID: 0}
  m_PrefabInternal: {fileID: 0}
  m_GameObject: {fileID: 1511305452}
  m_LocalRotation: {x: 0, y: 0, z: 0, w: 1}
  m_LocalPosition: {x: 494.995, y: 627.74, z: 0}
  m_LocalScale: {x: 1, y: 1, z: 1}
  m_LocalEulerAnglesHint: {x: 0, y: 0, z: 0}
  m_Children: []
  m_Father: {fileID: 0}
  m_RootOrder: 2
--- !u!1 &1538565154
GameObject:
  m_ObjectHideFlags: 0
  m_PrefabParentObject: {fileID: 108002, guid: 0b91c0c67766af54b8e5f8430270d95c, type: 2}
  m_PrefabInternal: {fileID: 65909048}
  serializedVersion: 4
  m_Component:
  - 224: {fileID: 1538565155}
  - 222: {fileID: 1538565157}
  - 114: {fileID: 1538565156}
  m_Layer: 5
  m_Name: InfoTexts
  m_TagString: Untagged
  m_Icon: {fileID: 0}
  m_NavMeshLayer: 0
  m_StaticEditorFlags: 0
  m_IsActive: 1
--- !u!224 &1538565155
RectTransform:
  m_ObjectHideFlags: 0
  m_PrefabParentObject: {fileID: 22408002, guid: 0b91c0c67766af54b8e5f8430270d95c,
    type: 2}
  m_PrefabInternal: {fileID: 65909048}
  m_GameObject: {fileID: 1538565154}
  m_LocalRotation: {x: 0, y: 0, z: 0, w: 1}
  m_LocalPosition: {x: 0, y: 0, z: 0}
  m_LocalScale: {x: 1, y: 1, z: 1}
  m_LocalEulerAnglesHint: {x: 0, y: 0, z: 0}
  m_Children:
  - {fileID: 1421682535}
  - {fileID: 1165091687}
  m_Father: {fileID: 683274110}
  m_RootOrder: 14
  m_AnchorMin: {x: 0.5, y: 0.5}
  m_AnchorMax: {x: 0.5, y: 0.5}
  m_AnchoredPosition: {x: 229, y: 518}
  m_SizeDelta: {x: 216, y: 107}
  m_Pivot: {x: 0.5, y: 0.5}
--- !u!114 &1538565156
MonoBehaviour:
  m_ObjectHideFlags: 0
  m_PrefabParentObject: {fileID: 11407998, guid: 0b91c0c67766af54b8e5f8430270d95c,
    type: 2}
  m_PrefabInternal: {fileID: 65909048}
  m_GameObject: {fileID: 1538565154}
  m_Enabled: 1
  m_EditorHideFlags: 0
  m_Script: {fileID: 708705254, guid: f5f67c52d1564df4a8936ccd202a3bd8, type: 3}
  m_Name: 
  m_EditorClassIdentifier: 
  m_Material: {fileID: 0}
  m_Color: {r: 0.9529412, g: 0.9019608, b: 0.76862746, a: 1}
  m_RaycastTarget: 1
  m_OnCullStateChanged:
    m_PersistentCalls:
      m_Calls: []
    m_TypeName: UnityEngine.UI.MaskableGraphic+CullStateChangedEvent, UnityEngine.UI,
      Version=1.0.0.0, Culture=neutral, PublicKeyToken=null
  m_FontData:
    m_Font: {fileID: 12800000, guid: bd1ea67ca2b5742d1a24fcbdc17c55e1, type: 3}
    m_FontSize: 32
    m_FontStyle: 0
    m_BestFit: 0
    m_MinSize: 10
    m_MaxSize: 40
    m_Alignment: 4
    m_AlignByGeometry: 0
    m_RichText: 1
    m_HorizontalOverflow: 0
    m_VerticalOverflow: 0
    m_LineSpacing: 1
  m_Text: 4580
--- !u!222 &1538565157
CanvasRenderer:
  m_ObjectHideFlags: 0
  m_PrefabParentObject: {fileID: 22208004, guid: 0b91c0c67766af54b8e5f8430270d95c,
    type: 2}
  m_PrefabInternal: {fileID: 65909048}
  m_GameObject: {fileID: 1538565154}
--- !u!1 &1721088572
GameObject:
  m_ObjectHideFlags: 0
  m_PrefabParentObject: {fileID: 108036, guid: 0b91c0c67766af54b8e5f8430270d95c, type: 2}
  m_PrefabInternal: {fileID: 65909048}
  serializedVersion: 4
  m_Component:
  - 224: {fileID: 1721088573}
  - 222: {fileID: 1721088575}
  - 114: {fileID: 1721088574}
  m_Layer: 5
  m_Name: Blocks
  m_TagString: Untagged
  m_Icon: {fileID: 0}
  m_NavMeshLayer: 0
  m_StaticEditorFlags: 0
  m_IsActive: 1
--- !u!224 &1721088573
RectTransform:
  m_ObjectHideFlags: 0
  m_PrefabParentObject: {fileID: 22408036, guid: 0b91c0c67766af54b8e5f8430270d95c,
    type: 2}
  m_PrefabInternal: {fileID: 65909048}
  m_GameObject: {fileID: 1721088572}
  m_LocalRotation: {x: 0, y: 0, z: 0, w: 1}
  m_LocalPosition: {x: 0, y: 0, z: 0}
  m_LocalScale: {x: 1, y: 1, z: 1}
  m_LocalEulerAnglesHint: {x: 0, y: 0, z: 0}
  m_Children: []
  m_Father: {fileID: 683274110}
  m_RootOrder: 7
  m_AnchorMin: {x: 0.5, y: 0.5}
  m_AnchorMax: {x: 0.5, y: 0.5}
  m_AnchoredPosition: {x: 79, y: -68}
  m_SizeDelta: {x: 161, y: 111}
  m_Pivot: {x: 0.5, y: 0.5}
--- !u!114 &1721088574
MonoBehaviour:
  m_ObjectHideFlags: 0
  m_PrefabParentObject: {fileID: 11408034, guid: 0b91c0c67766af54b8e5f8430270d95c,
    type: 2}
  m_PrefabInternal: {fileID: 65909048}
  m_GameObject: {fileID: 1721088572}
  m_Enabled: 1
  m_EditorHideFlags: 0
  m_Script: {fileID: -765806418, guid: f5f67c52d1564df4a8936ccd202a3bd8, type: 3}
  m_Name: 
  m_EditorClassIdentifier: 
  m_Material: {fileID: 0}
  m_Color: {r: 0, g: 0.8, b: 0.3764706, a: 1}
  m_RaycastTarget: 1
  m_OnCullStateChanged:
    m_PersistentCalls:
      m_Calls: []
    m_TypeName: UnityEngine.UI.MaskableGraphic+CullStateChangedEvent, UnityEngine.UI,
      Version=1.0.0.0, Culture=neutral, PublicKeyToken=null
  m_Sprite: {fileID: 21300000, guid: 7ed1238760b863f4aafde32ab3a6f28c, type: 3}
  m_Type: 1
  m_PreserveAspect: 0
  m_FillCenter: 1
  m_FillMethod: 4
  m_FillAmount: 1
  m_FillClockwise: 1
  m_FillOrigin: 0
--- !u!222 &1721088575
CanvasRenderer:
  m_ObjectHideFlags: 0
  m_PrefabParentObject: {fileID: 22208038, guid: 0b91c0c67766af54b8e5f8430270d95c,
    type: 2}
  m_PrefabInternal: {fileID: 65909048}
  m_GameObject: {fileID: 1721088572}
--- !u!1 &2004995878
GameObject:
  m_ObjectHideFlags: 0
  m_PrefabParentObject: {fileID: 108028, guid: 0b91c0c67766af54b8e5f8430270d95c, type: 2}
  m_PrefabInternal: {fileID: 65909048}
  serializedVersion: 4
  m_Component:
  - 224: {fileID: 2004995879}
  - 222: {fileID: 2004995881}
  - 114: {fileID: 2004995880}
  m_Layer: 5
  m_Name: Blocks
  m_TagString: Untagged
  m_Icon: {fileID: 0}
  m_NavMeshLayer: 0
  m_StaticEditorFlags: 0
  m_IsActive: 1
--- !u!224 &2004995879
RectTransform:
  m_ObjectHideFlags: 0
  m_PrefabParentObject: {fileID: 22408028, guid: 0b91c0c67766af54b8e5f8430270d95c,
    type: 2}
  m_PrefabInternal: {fileID: 65909048}
  m_GameObject: {fileID: 2004995878}
  m_LocalRotation: {x: 0, y: 0, z: 0, w: 1}
  m_LocalPosition: {x: 0, y: 0, z: 0}
  m_LocalScale: {x: 1, y: 1, z: 1}
  m_LocalEulerAnglesHint: {x: 0, y: 0, z: 0}
  m_Children: []
  m_Father: {fileID: 683274110}
  m_RootOrder: 10
  m_AnchorMin: {x: 0.5, y: 0.5}
  m_AnchorMax: {x: 0.5, y: 0.5}
  m_AnchoredPosition: {x: -78.5, y: -401}
  m_SizeDelta: {x: 161, y: 111}
  m_Pivot: {x: 0.5, y: 0.5}
--- !u!114 &2004995880
MonoBehaviour:
  m_ObjectHideFlags: 0
  m_PrefabParentObject: {fileID: 11408026, guid: 0b91c0c67766af54b8e5f8430270d95c,
    type: 2}
  m_PrefabInternal: {fileID: 65909048}
  m_GameObject: {fileID: 2004995878}
  m_Enabled: 1
  m_EditorHideFlags: 0
  m_Script: {fileID: -765806418, guid: f5f67c52d1564df4a8936ccd202a3bd8, type: 3}
  m_Name: 
  m_EditorClassIdentifier: 
  m_Material: {fileID: 0}
  m_Color: {r: 0.02745098, g: 0.4862745, b: 0.32941177, a: 1}
  m_RaycastTarget: 1
  m_OnCullStateChanged:
    m_PersistentCalls:
      m_Calls: []
    m_TypeName: UnityEngine.UI.MaskableGraphic+CullStateChangedEvent, UnityEngine.UI,
      Version=1.0.0.0, Culture=neutral, PublicKeyToken=null
  m_Sprite: {fileID: 21300000, guid: 7ed1238760b863f4aafde32ab3a6f28c, type: 3}
  m_Type: 1
  m_PreserveAspect: 0
  m_FillCenter: 1
  m_FillMethod: 4
  m_FillAmount: 1
  m_FillClockwise: 1
  m_FillOrigin: 0
--- !u!222 &2004995881
CanvasRenderer:
  m_ObjectHideFlags: 0
  m_PrefabParentObject: {fileID: 22208030, guid: 0b91c0c67766af54b8e5f8430270d95c,
    type: 2}
  m_PrefabInternal: {fileID: 65909048}
  m_GameObject: {fileID: 2004995878}
--- !u!1 &2062896684
GameObject:
  m_ObjectHideFlags: 0
  m_PrefabParentObject: {fileID: 108004, guid: 0b91c0c67766af54b8e5f8430270d95c, type: 2}
  m_PrefabInternal: {fileID: 65909048}
  serializedVersion: 4
  m_Component:
  - 224: {fileID: 2062896685}
  - 222: {fileID: 2062896687}
  - 114: {fileID: 2062896686}
  m_Layer: 5
  m_Name: AppTitle
  m_TagString: Untagged
  m_Icon: {fileID: 0}
  m_NavMeshLayer: 0
  m_StaticEditorFlags: 0
  m_IsActive: 1
--- !u!224 &2062896685
RectTransform:
  m_ObjectHideFlags: 0
  m_PrefabParentObject: {fileID: 22408004, guid: 0b91c0c67766af54b8e5f8430270d95c,
    type: 2}
  m_PrefabInternal: {fileID: 65909048}
  m_GameObject: {fileID: 2062896684}
  m_LocalRotation: {x: 0, y: 0, z: 0, w: 1}
  m_LocalPosition: {x: 0, y: 0, z: 0}
  m_LocalScale: {x: 1, y: 1, z: 1}
  m_LocalEulerAnglesHint: {x: 0, y: 0, z: 0}
  m_Children:
  - {fileID: 599262102}
  m_Father: {fileID: 1466847708}
  m_RootOrder: 0
  m_AnchorMin: {x: 0.5, y: 0.5}
  m_AnchorMax: {x: 0.5, y: 0.5}
  m_AnchoredPosition: {x: 27.495, y: 633}
  m_SizeDelta: {x: 695, y: 109}
  m_Pivot: {x: 0.5, y: 0.5}
--- !u!114 &2062896686
MonoBehaviour:
  m_ObjectHideFlags: 0
  m_PrefabParentObject: {fileID: 11408000, guid: 0b91c0c67766af54b8e5f8430270d95c,
    type: 2}
  m_PrefabInternal: {fileID: 65909048}
  m_GameObject: {fileID: 2062896684}
  m_Enabled: 1
  m_EditorHideFlags: 0
  m_Script: {fileID: 708705254, guid: f5f67c52d1564df4a8936ccd202a3bd8, type: 3}
  m_Name: 
  m_EditorClassIdentifier: 
  m_Material: {fileID: 0}
  m_Color: {r: 0.85490197, g: 0.85490197, b: 0.85490197, a: 1}
  m_RaycastTarget: 1
  m_OnCullStateChanged:
    m_PersistentCalls:
      m_Calls: []
    m_TypeName: UnityEngine.UI.MaskableGraphic+CullStateChangedEvent, UnityEngine.UI,
      Version=1.0.0.0, Culture=neutral, PublicKeyToken=null
  m_FontData:
    m_Font: {fileID: 12800000, guid: 218956a5c2a6e42d6a60afccf80b002b, type: 3}
    m_FontSize: 102
    m_FontStyle: 0
    m_BestFit: 0
    m_MinSize: 10
    m_MaxSize: 102
    m_Alignment: 0
    m_AlignByGeometry: 0
    m_RichText: 1
    m_HorizontalOverflow: 0
    m_VerticalOverflow: 1
    m_LineSpacing: 1
  m_Text: GAME
--- !u!222 &2062896687
CanvasRenderer:
  m_ObjectHideFlags: 0
  m_PrefabParentObject: {fileID: 22208006, guid: 0b91c0c67766af54b8e5f8430270d95c,
    type: 2}
  m_PrefabInternal: {fileID: 65909048}
  m_GameObject: {fileID: 2062896684}
--- !u!1 &2121391645
GameObject:
  m_ObjectHideFlags: 0
  m_PrefabParentObject: {fileID: 108030, guid: 0b91c0c67766af54b8e5f8430270d95c, type: 2}
  m_PrefabInternal: {fileID: 65909048}
  serializedVersion: 4
  m_Component:
  - 224: {fileID: 2121391646}
  - 222: {fileID: 2121391648}
  - 114: {fileID: 2121391647}
  m_Layer: 5
  m_Name: Wave
  m_TagString: Untagged
  m_Icon: {fileID: 0}
  m_NavMeshLayer: 0
  m_StaticEditorFlags: 0
  m_IsActive: 1
--- !u!224 &2121391646
RectTransform:
  m_ObjectHideFlags: 0
  m_PrefabParentObject: {fileID: 22408030, guid: 0b91c0c67766af54b8e5f8430270d95c,
    type: 2}
  m_PrefabInternal: {fileID: 65909048}
  m_GameObject: {fileID: 2121391645}
  m_LocalRotation: {x: 0, y: 0, z: 0, w: 1}
  m_LocalPosition: {x: 0, y: 0, z: 0}
  m_LocalScale: {x: 1, y: 1, z: 1}
  m_LocalEulerAnglesHint: {x: 0, y: 0, z: 0}
  m_Children: []
  m_Father: {fileID: 683274110}
  m_RootOrder: 13
  m_AnchorMin: {x: 0.5, y: 0.5}
  m_AnchorMax: {x: 0.5, y: 0.5}
  m_AnchoredPosition: {x: -80, y: 111.25}
  m_SizeDelta: {x: 161, y: 913.5}
  m_Pivot: {x: 0.5, y: 0.5}
--- !u!114 &2121391647
MonoBehaviour:
  m_ObjectHideFlags: 0
  m_PrefabParentObject: {fileID: 11408028, guid: 0b91c0c67766af54b8e5f8430270d95c,
    type: 2}
  m_PrefabInternal: {fileID: 65909048}
  m_GameObject: {fileID: 2121391645}
  m_Enabled: 1
  m_EditorHideFlags: 0
  m_Script: {fileID: -765806418, guid: f5f67c52d1564df4a8936ccd202a3bd8, type: 3}
  m_Name: 
  m_EditorClassIdentifier: 
  m_Material: {fileID: 0}
  m_Color: {r: 0.43382353, g: 0.43382353, b: 0.43382353, a: 0.5372549}
  m_RaycastTarget: 1
  m_OnCullStateChanged:
    m_PersistentCalls:
      m_Calls: []
    m_TypeName: UnityEngine.UI.MaskableGraphic+CullStateChangedEvent, UnityEngine.UI,
      Version=1.0.0.0, Culture=neutral, PublicKeyToken=null
  m_Sprite: {fileID: 21300000, guid: 7ed1238760b863f4aafde32ab3a6f28c, type: 3}
  m_Type: 1
  m_PreserveAspect: 0
  m_FillCenter: 1
  m_FillMethod: 4
  m_FillAmount: 1
  m_FillClockwise: 1
  m_FillOrigin: 0
--- !u!222 &2121391648
CanvasRenderer:
  m_ObjectHideFlags: 0
  m_PrefabParentObject: {fileID: 22208032, guid: 0b91c0c67766af54b8e5f8430270d95c,
    type: 2}
  m_PrefabInternal: {fileID: 65909048}
  m_GameObject: {fileID: 2121391645}
