%YAML 1.1
%TAG !u! tag:unity3d.com,2011:
--- !u!29 &1
SceneSettings:
  m_ObjectHideFlags: 0
  m_PVSData: 
  m_PVSObjectsArray: []
  m_PVSPortalsArray: []
  m_OcclusionBakeSettings:
    smallestOccluder: 5
    smallestHole: 0.25
    backfaceThreshold: 100
--- !u!104 &2
RenderSettings:
  m_ObjectHideFlags: 0
  serializedVersion: 7
  m_Fog: 0
  m_FogColor: {r: 0.5, g: 0.5, b: 0.5, a: 1}
  m_FogMode: 3
  m_FogDensity: 0.01
  m_LinearFogStart: 0
  m_LinearFogEnd: 300
  m_AmbientSkyColor: {r: 0.212, g: 0.227, b: 0.259, a: 1}
  m_AmbientEquatorColor: {r: 0.114, g: 0.125, b: 0.133, a: 1}
  m_AmbientGroundColor: {r: 0.047, g: 0.043, b: 0.035, a: 1}
  m_AmbientIntensity: 1
  m_AmbientMode: 0
  m_SkyboxMaterial: {fileID: 10304, guid: 0000000000000000f000000000000000, type: 0}
  m_HaloStrength: 0.5
  m_FlareStrength: 1
  m_FlareFadeSpeed: 3
  m_HaloTexture: {fileID: 0}
  m_SpotCookie: {fileID: 10001, guid: 0000000000000000e000000000000000, type: 0}
  m_DefaultReflectionMode: 0
  m_DefaultReflectionResolution: 128
  m_ReflectionBounces: 1
  m_ReflectionIntensity: 1
  m_CustomReflection: {fileID: 0}
  m_Sun: {fileID: 0}
  m_IndirectSpecularColor: {r: 0, g: 0, b: 0, a: 1}
--- !u!157 &4
LightmapSettings:
  m_ObjectHideFlags: 0
  serializedVersion: 7
  m_GIWorkflowMode: 0
  m_GISettings:
    serializedVersion: 2
    m_BounceScale: 1
    m_IndirectOutputScale: 1
    m_AlbedoBoost: 1
    m_TemporalCoherenceThreshold: 1
    m_EnvironmentLightingMode: 0
    m_EnableBakedLightmaps: 1
    m_EnableRealtimeLightmaps: 1
  m_LightmapEditorSettings:
    serializedVersion: 4
    m_Resolution: 2
    m_BakeResolution: 40
    m_TextureWidth: 1024
    m_TextureHeight: 1024
    m_AO: 0
    m_AOMaxDistance: 1
    m_CompAOExponent: 0
    m_CompAOExponentDirect: 0
    m_Padding: 2
    m_LightmapParameters: {fileID: 0}
    m_LightmapsBakeMode: 1
    m_TextureCompression: 1
    m_DirectLightInLightProbes: 1
    m_FinalGather: 0
    m_FinalGatherFiltering: 1
    m_FinalGatherRayCount: 1024
    m_ReflectionCompression: 2
  m_LightingDataAsset: {fileID: 0}
  m_RuntimeCPUUsage: 25
--- !u!196 &5
NavMeshSettings:
  serializedVersion: 2
  m_ObjectHideFlags: 0
  m_BuildSettings:
    serializedVersion: 2
    agentRadius: 0.5
    agentHeight: 2
    agentSlope: 45
    agentClimb: 0.4
    ledgeDropHeight: 0
    maxJumpAcrossDistance: 0
    accuratePlacement: 0
    minRegionArea: 2
    cellSize: 0.16666667
    manualCellSize: 0
  m_NavMeshData: {fileID: 0}
--- !u!1 &15627886
GameObject:
  m_ObjectHideFlags: 0
  m_PrefabParentObject: {fileID: 197356, guid: 16c3dda0d49785c4ca8f8ead1a387d0f, type: 2}
  m_PrefabInternal: {fileID: 1699295446}
  serializedVersion: 4
  m_Component:
  - 224: {fileID: 15627887}
  - 222: {fileID: 15627889}
  - 114: {fileID: 15627888}
  m_Layer: 5
  m_Name: Element
  m_TagString: Untagged
  m_Icon: {fileID: 0}
  m_NavMeshLayer: 0
  m_StaticEditorFlags: 0
  m_IsActive: 1
--- !u!224 &15627887
RectTransform:
  m_ObjectHideFlags: 0
  m_PrefabParentObject: {fileID: 22497356, guid: 16c3dda0d49785c4ca8f8ead1a387d0f,
    type: 2}
  m_PrefabInternal: {fileID: 1699295446}
  m_GameObject: {fileID: 15627886}
  m_LocalRotation: {x: 0, y: 0, z: 0, w: 1}
  m_LocalPosition: {x: 0, y: 0, z: 0}
  m_LocalScale: {x: 1, y: 1, z: 1}
  m_LocalEulerAnglesHint: {x: 0, y: 0, z: 0}
  m_Children: []
  m_Father: {fileID: 1494380778}
  m_RootOrder: 18
  m_AnchorMin: {x: 0.5, y: 0.5}
  m_AnchorMax: {x: 0.5, y: 0.5}
  m_AnchoredPosition: {x: 39, y: -118}
  m_SizeDelta: {x: 100, y: 100}
  m_Pivot: {x: 0.5, y: 0.5}
--- !u!114 &15627888
MonoBehaviour:
  m_ObjectHideFlags: 0
  m_PrefabParentObject: {fileID: 11497346, guid: 16c3dda0d49785c4ca8f8ead1a387d0f,
    type: 2}
  m_PrefabInternal: {fileID: 1699295446}
  m_GameObject: {fileID: 15627886}
  m_Enabled: 1
  m_EditorHideFlags: 0
  m_Script: {fileID: -765806418, guid: f5f67c52d1564df4a8936ccd202a3bd8, type: 3}
  m_Name: 
  m_EditorClassIdentifier: 
  m_Material: {fileID: 0}
  m_Color: {r: 0.8039216, g: 0.3137255, b: 0.3764706, a: 1}
  m_RaycastTarget: 1
  m_OnCullStateChanged:
    m_PersistentCalls:
      m_Calls: []
    m_TypeName: UnityEngine.UI.MaskableGraphic+CullStateChangedEvent, UnityEngine.UI,
      Version=1.0.0.0, Culture=neutral, PublicKeyToken=null
  m_Sprite: {fileID: 21300000, guid: 7ed1238760b863f4aafde32ab3a6f28c, type: 3}
  m_Type: 1
  m_PreserveAspect: 0
  m_FillCenter: 1
  m_FillMethod: 4
  m_FillAmount: 1
  m_FillClockwise: 1
  m_FillOrigin: 0
--- !u!222 &15627889
CanvasRenderer:
  m_ObjectHideFlags: 0
  m_PrefabParentObject: {fileID: 22297358, guid: 16c3dda0d49785c4ca8f8ead1a387d0f,
    type: 2}
  m_PrefabInternal: {fileID: 1699295446}
  m_GameObject: {fileID: 15627886}
--- !u!1 &24722579
GameObject:
  m_ObjectHideFlags: 0
  m_PrefabParentObject: {fileID: 197368, guid: 16c3dda0d49785c4ca8f8ead1a387d0f, type: 2}
  m_PrefabInternal: {fileID: 1699295446}
  serializedVersion: 4
  m_Component:
  - 224: {fileID: 24722580}
  - 222: {fileID: 24722582}
  - 114: {fileID: 24722581}
  m_Layer: 5
  m_Name: Text
  m_TagString: Untagged
  m_Icon: {fileID: 0}
  m_NavMeshLayer: 0
  m_StaticEditorFlags: 0
  m_IsActive: 1
--- !u!224 &24722580
RectTransform:
  m_ObjectHideFlags: 0
  m_PrefabParentObject: {fileID: 22497368, guid: 16c3dda0d49785c4ca8f8ead1a387d0f,
    type: 2}
  m_PrefabInternal: {fileID: 1699295446}
  m_GameObject: {fileID: 24722579}
  m_LocalRotation: {x: 0, y: 0, z: -0.7071068, w: 0.7071068}
  m_LocalPosition: {x: 0, y: 0, z: 0}
  m_LocalScale: {x: 1, y: 1, z: 1}
  m_LocalEulerAnglesHint: {x: 0, y: 0, z: 0}
  m_Children: []
  m_Father: {fileID: 1910209684}
  m_RootOrder: 0
  m_AnchorMin: {x: 0.5, y: 0.5}
  m_AnchorMax: {x: 0.5, y: 0.5}
  m_AnchoredPosition: {x: 3, y: 281}
  m_SizeDelta: {x: 451, y: 214}
  m_Pivot: {x: 0.5, y: 0.5}
--- !u!114 &24722581
MonoBehaviour:
  m_ObjectHideFlags: 0
  m_PrefabParentObject: {fileID: 11497358, guid: 16c3dda0d49785c4ca8f8ead1a387d0f,
    type: 2}
  m_PrefabInternal: {fileID: 1699295446}
  m_GameObject: {fileID: 24722579}
  m_Enabled: 1
  m_EditorHideFlags: 0
  m_Script: {fileID: 708705254, guid: f5f67c52d1564df4a8936ccd202a3bd8, type: 3}
  m_Name: 
  m_EditorClassIdentifier: 
  m_Material: {fileID: 0}
  m_Color: {r: 0.99607843, g: 0.93333334, b: 0.6901961, a: 1}
  m_RaycastTarget: 1
  m_OnCullStateChanged:
    m_PersistentCalls:
      m_Calls: []
    m_TypeName: UnityEngine.UI.MaskableGraphic+CullStateChangedEvent, UnityEngine.UI,
      Version=1.0.0.0, Culture=neutral, PublicKeyToken=null
  m_FontData:
    m_Font: {fileID: 12800000, guid: 0302b41c1bd344c75aa27df81f317832, type: 3}
    m_FontSize: 156
    m_FontStyle: 0
    m_BestFit: 0
    m_MinSize: 10
    m_MaxSize: 156
    m_Alignment: 3
    m_AlignByGeometry: 0
    m_RichText: 1
    m_HorizontalOverflow: 0
    m_VerticalOverflow: 0
    m_LineSpacing: 1
  m_Text: 1034
--- !u!222 &24722582
CanvasRenderer:
  m_ObjectHideFlags: 0
  m_PrefabParentObject: {fileID: 22297370, guid: 16c3dda0d49785c4ca8f8ead1a387d0f,
    type: 2}
  m_PrefabInternal: {fileID: 1699295446}
  m_GameObject: {fileID: 24722579}
--- !u!1 &75770224
GameObject:
  m_ObjectHideFlags: 0
  m_PrefabParentObject: {fileID: 197396, guid: 16c3dda0d49785c4ca8f8ead1a387d0f, type: 2}
  m_PrefabInternal: {fileID: 1699295446}
  serializedVersion: 4
  m_Component:
  - 224: {fileID: 75770225}
  - 222: {fileID: 75770227}
  - 114: {fileID: 75770226}
  m_Layer: 5
  m_Name: Element
  m_TagString: Untagged
  m_Icon: {fileID: 0}
  m_NavMeshLayer: 0
  m_StaticEditorFlags: 0
  m_IsActive: 1
--- !u!224 &75770225
RectTransform:
  m_ObjectHideFlags: 0
  m_PrefabParentObject: {fileID: 22497396, guid: 16c3dda0d49785c4ca8f8ead1a387d0f,
    type: 2}
  m_PrefabInternal: {fileID: 1699295446}
  m_GameObject: {fileID: 75770224}
  m_LocalRotation: {x: 0, y: 0, z: 0, w: 1}
  m_LocalPosition: {x: 0, y: 0, z: 0}
  m_LocalScale: {x: 1, y: 1, z: 1}
  m_LocalEulerAnglesHint: {x: 0, y: 0, z: 0}
  m_Children: []
  m_Father: {fileID: 1494380778}
  m_RootOrder: 16
  m_AnchorMin: {x: 0.5, y: 0.5}
  m_AnchorMax: {x: 0.5, y: 0.5}
  m_AnchoredPosition: {x: -261, y: -18}
  m_SizeDelta: {x: 100, y: 100}
  m_Pivot: {x: 0.5, y: 0.5}
--- !u!114 &75770226
MonoBehaviour:
  m_ObjectHideFlags: 0
  m_PrefabParentObject: {fileID: 11497390, guid: 16c3dda0d49785c4ca8f8ead1a387d0f,
    type: 2}
  m_PrefabInternal: {fileID: 1699295446}
  m_GameObject: {fileID: 75770224}
  m_Enabled: 1
  m_EditorHideFlags: 0
  m_Script: {fileID: -765806418, guid: f5f67c52d1564df4a8936ccd202a3bd8, type: 3}
  m_Name: 
  m_EditorClassIdentifier: 
  m_Material: {fileID: 0}
  m_Color: {r: 0.5058824, g: 0.6862745, b: 0.5411765, a: 1}
  m_RaycastTarget: 1
  m_OnCullStateChanged:
    m_PersistentCalls:
      m_Calls: []
    m_TypeName: UnityEngine.UI.MaskableGraphic+CullStateChangedEvent, UnityEngine.UI,
      Version=1.0.0.0, Culture=neutral, PublicKeyToken=null
  m_Sprite: {fileID: 21300000, guid: 7ed1238760b863f4aafde32ab3a6f28c, type: 3}
  m_Type: 1
  m_PreserveAspect: 0
  m_FillCenter: 1
  m_FillMethod: 4
  m_FillAmount: 1
  m_FillClockwise: 1
  m_FillOrigin: 0
--- !u!222 &75770227
CanvasRenderer:
  m_ObjectHideFlags: 0
  m_PrefabParentObject: {fileID: 22297398, guid: 16c3dda0d49785c4ca8f8ead1a387d0f,
    type: 2}
  m_PrefabInternal: {fileID: 1699295446}
  m_GameObject: {fileID: 75770224}
--- !u!1 &181529658
GameObject:
  m_ObjectHideFlags: 0
  m_PrefabParentObject: {fileID: 197410, guid: 16c3dda0d49785c4ca8f8ead1a387d0f, type: 2}
  m_PrefabInternal: {fileID: 1699295446}
  serializedVersion: 4
  m_Component:
  - 224: {fileID: 181529659}
  - 222: {fileID: 181529661}
  - 114: {fileID: 181529660}
  m_Layer: 5
  m_Name: Element
  m_TagString: Untagged
  m_Icon: {fileID: 0}
  m_NavMeshLayer: 0
  m_StaticEditorFlags: 0
  m_IsActive: 1
--- !u!224 &181529659
RectTransform:
  m_ObjectHideFlags: 0
  m_PrefabParentObject: {fileID: 22497410, guid: 16c3dda0d49785c4ca8f8ead1a387d0f,
    type: 2}
  m_PrefabInternal: {fileID: 1699295446}
  m_GameObject: {fileID: 181529658}
  m_LocalRotation: {x: 0, y: 0, z: 0, w: 1}
  m_LocalPosition: {x: 0, y: 0, z: 0}
  m_LocalScale: {x: 1, y: 1, z: 1}
  m_LocalEulerAnglesHint: {x: 0, y: 0, z: 0}
  m_Children: []
  m_Father: {fileID: 1494380778}
  m_RootOrder: 9
  m_AnchorMin: {x: 0.5, y: 0.5}
  m_AnchorMax: {x: 0.5, y: 0.5}
  m_AnchoredPosition: {x: -161, y: -518}
  m_SizeDelta: {x: 100, y: 100}
  m_Pivot: {x: 0.5, y: 0.5}
--- !u!114 &181529660
MonoBehaviour:
  m_ObjectHideFlags: 0
  m_PrefabParentObject: {fileID: 11497406, guid: 16c3dda0d49785c4ca8f8ead1a387d0f,
    type: 2}
  m_PrefabInternal: {fileID: 1699295446}
  m_GameObject: {fileID: 181529658}
  m_Enabled: 1
  m_EditorHideFlags: 0
  m_Script: {fileID: -765806418, guid: f5f67c52d1564df4a8936ccd202a3bd8, type: 3}
  m_Name: 
  m_EditorClassIdentifier: 
  m_Material: {fileID: 0}
  m_Color: {r: 0.9019608, g: 0.60784316, b: 0.39215687, a: 1}
  m_RaycastTarget: 1
  m_OnCullStateChanged:
    m_PersistentCalls:
      m_Calls: []
    m_TypeName: UnityEngine.UI.MaskableGraphic+CullStateChangedEvent, UnityEngine.UI,
      Version=1.0.0.0, Culture=neutral, PublicKeyToken=null
  m_Sprite: {fileID: 21300000, guid: 7ed1238760b863f4aafde32ab3a6f28c, type: 3}
  m_Type: 1
  m_PreserveAspect: 0
  m_FillCenter: 1
  m_FillMethod: 4
  m_FillAmount: 1
  m_FillClockwise: 1
  m_FillOrigin: 0
--- !u!222 &181529661
CanvasRenderer:
  m_ObjectHideFlags: 0
  m_PrefabParentObject: {fileID: 22297412, guid: 16c3dda0d49785c4ca8f8ead1a387d0f,
    type: 2}
  m_PrefabInternal: {fileID: 1699295446}
  m_GameObject: {fileID: 181529658}
--- !u!1 &281704498
GameObject:
  m_ObjectHideFlags: 0
  m_PrefabParentObject: {fileID: 197412, guid: 16c3dda0d49785c4ca8f8ead1a387d0f, type: 2}
  m_PrefabInternal: {fileID: 1699295446}
  serializedVersion: 4
  m_Component:
  - 224: {fileID: 281704502}
  - 223: {fileID: 281704501}
  - 114: {fileID: 281704500}
  - 114: {fileID: 281704499}
  m_Layer: 5
  m_Name: GameExample_3
  m_TagString: Untagged
  m_Icon: {fileID: 0}
  m_NavMeshLayer: 0
  m_StaticEditorFlags: 0
  m_IsActive: 1
--- !u!114 &281704499
MonoBehaviour:
  m_ObjectHideFlags: 0
  m_PrefabParentObject: {fileID: 11497410, guid: 16c3dda0d49785c4ca8f8ead1a387d0f,
    type: 2}
  m_PrefabInternal: {fileID: 1699295446}
  m_GameObject: {fileID: 281704498}
  m_Enabled: 1
  m_EditorHideFlags: 0
  m_Script: {fileID: 1301386320, guid: f5f67c52d1564df4a8936ccd202a3bd8, type: 3}
  m_Name: 
  m_EditorClassIdentifier: 
  m_IgnoreReversedGraphics: 1
  m_BlockingObjects: 0
  m_BlockingMask:
    serializedVersion: 2
    m_Bits: 4294967295
--- !u!114 &281704500
MonoBehaviour:
  m_ObjectHideFlags: 0
  m_PrefabParentObject: {fileID: 11497408, guid: 16c3dda0d49785c4ca8f8ead1a387d0f,
    type: 2}
  m_PrefabInternal: {fileID: 1699295446}
  m_GameObject: {fileID: 281704498}
  m_Enabled: 1
  m_EditorHideFlags: 0
  m_Script: {fileID: 1980459831, guid: f5f67c52d1564df4a8936ccd202a3bd8, type: 3}
  m_Name: 
  m_EditorClassIdentifier: 
  m_UiScaleMode: 1
  m_ReferencePixelsPerUnit: 100
  m_ScaleFactor: 1
  m_ReferenceResolution: {x: 640, y: 1136}
  m_ScreenMatchMode: 0
  m_MatchWidthOrHeight: 1
  m_PhysicalUnit: 3
  m_FallbackScreenDPI: 96
  m_DefaultSpriteDPI: 96
  m_DynamicPixelsPerUnit: 1
--- !u!223 &281704501
Canvas:
  m_ObjectHideFlags: 0
  m_PrefabParentObject: {fileID: 22397422, guid: 16c3dda0d49785c4ca8f8ead1a387d0f,
    type: 2}
  m_PrefabInternal: {fileID: 1699295446}
  m_GameObject: {fileID: 281704498}
  m_Enabled: 1
  serializedVersion: 2
  m_RenderMode: 0
  m_Camera: {fileID: 0}
  m_PlaneDistance: 100
  m_PixelPerfect: 1
  m_ReceivesEvents: 1
  m_OverrideSorting: 0
  m_OverridePixelPerfect: 0
  m_SortingBucketNormalizedSize: 0
  m_SortingLayerID: 0
  m_SortingOrder: 0
  m_TargetDisplay: 0
--- !u!224 &281704502
RectTransform:
  m_ObjectHideFlags: 0
  m_PrefabParentObject: {fileID: 22497412, guid: 16c3dda0d49785c4ca8f8ead1a387d0f,
    type: 2}
  m_PrefabInternal: {fileID: 1699295446}
  m_GameObject: {fileID: 281704498}
  m_LocalRotation: {x: 0, y: 0, z: 0, w: 1}
  m_LocalPosition: {x: 0, y: 0, z: 0}
  m_LocalScale: {x: 0, y: 0, z: 0}
  m_LocalEulerAnglesHint: {x: 0, y: 0, z: 0}
  m_Children:
  - {fileID: 1715300345}
  - {fileID: 1494380778}
  m_Father: {fileID: 0}
  m_RootOrder: 0
  m_AnchorMin: {x: 0, y: 0}
  m_AnchorMax: {x: 0, y: 0}
  m_AnchoredPosition: {x: 0, y: 0}
  m_SizeDelta: {x: 0, y: 0}
  m_Pivot: {x: 0, y: 0}
--- !u!1 &357854659
GameObject:
  m_ObjectHideFlags: 0
  m_PrefabParentObject: {fileID: 197416, guid: 16c3dda0d49785c4ca8f8ead1a387d0f, type: 2}
  m_PrefabInternal: {fileID: 1699295446}
  serializedVersion: 4
  m_Component:
  - 224: {fileID: 357854660}
  - 222: {fileID: 357854662}
  - 114: {fileID: 357854661}
  m_Layer: 5
  m_Name: Element
  m_TagString: Untagged
  m_Icon: {fileID: 0}
  m_NavMeshLayer: 0
  m_StaticEditorFlags: 0
  m_IsActive: 1
--- !u!224 &357854660
RectTransform:
  m_ObjectHideFlags: 0
  m_PrefabParentObject: {fileID: 22497416, guid: 16c3dda0d49785c4ca8f8ead1a387d0f,
    type: 2}
  m_PrefabInternal: {fileID: 1699295446}
  m_GameObject: {fileID: 357854659}
  m_LocalRotation: {x: 0, y: 0, z: 0, w: 1}
  m_LocalPosition: {x: 0, y: 0, z: 0}
  m_LocalScale: {x: 1, y: 1, z: 1}
  m_LocalEulerAnglesHint: {x: 0, y: 0, z: 0}
  m_Children: []
  m_Father: {fileID: 1494380778}
  m_RootOrder: 14
  m_AnchorMin: {x: 0.5, y: 0.5}
  m_AnchorMax: {x: 0.5, y: 0.5}
  m_AnchoredPosition: {x: 39, y: -518}
  m_SizeDelta: {x: 100, y: 100}
  m_Pivot: {x: 0.5, y: 0.5}
--- !u!114 &357854661
MonoBehaviour:
  m_ObjectHideFlags: 0
  m_PrefabParentObject: {fileID: 11497414, guid: 16c3dda0d49785c4ca8f8ead1a387d0f,
    type: 2}
  m_PrefabInternal: {fileID: 1699295446}
  m_GameObject: {fileID: 357854659}
  m_Enabled: 1
  m_EditorHideFlags: 0
  m_Script: {fileID: -765806418, guid: f5f67c52d1564df4a8936ccd202a3bd8, type: 3}
  m_Name: 
  m_EditorClassIdentifier: 
  m_Material: {fileID: 0}
  m_Color: {r: 0.8627451, g: 0.45882353, b: 0.3647059, a: 1}
  m_RaycastTarget: 1
  m_OnCullStateChanged:
    m_PersistentCalls:
      m_Calls: []
    m_TypeName: UnityEngine.UI.MaskableGraphic+CullStateChangedEvent, UnityEngine.UI,
      Version=1.0.0.0, Culture=neutral, PublicKeyToken=null
  m_Sprite: {fileID: 21300000, guid: 7ed1238760b863f4aafde32ab3a6f28c, type: 3}
  m_Type: 1
  m_PreserveAspect: 0
  m_FillCenter: 1
  m_FillMethod: 4
  m_FillAmount: 1
  m_FillClockwise: 1
  m_FillOrigin: 0
--- !u!222 &357854662
CanvasRenderer:
  m_ObjectHideFlags: 0
  m_PrefabParentObject: {fileID: 22297416, guid: 16c3dda0d49785c4ca8f8ead1a387d0f,
    type: 2}
  m_PrefabInternal: {fileID: 1699295446}
  m_GameObject: {fileID: 357854659}
--- !u!1 &373843117
GameObject:
  m_ObjectHideFlags: 0
  m_PrefabParentObject: {fileID: 197358, guid: 16c3dda0d49785c4ca8f8ead1a387d0f, type: 2}
  m_PrefabInternal: {fileID: 1699295446}
  serializedVersion: 4
  m_Component:
  - 224: {fileID: 373843118}
  - 222: {fileID: 373843120}
  - 114: {fileID: 373843119}
  m_Layer: 5
  m_Name: Element
  m_TagString: Untagged
  m_Icon: {fileID: 0}
  m_NavMeshLayer: 0
  m_StaticEditorFlags: 0
  m_IsActive: 1
--- !u!224 &373843118
RectTransform:
  m_ObjectHideFlags: 0
  m_PrefabParentObject: {fileID: 22497358, guid: 16c3dda0d49785c4ca8f8ead1a387d0f,
    type: 2}
  m_PrefabInternal: {fileID: 1699295446}
  m_GameObject: {fileID: 373843117}
  m_LocalRotation: {x: 0, y: 0, z: 0, w: 1}
  m_LocalPosition: {x: 0, y: 0, z: 0}
  m_LocalScale: {x: 1, y: 1, z: 1}
  m_LocalEulerAnglesHint: {x: 0, y: 0, z: 0}
  m_Children: []
  m_Father: {fileID: 1494380778}
  m_RootOrder: 1
  m_AnchorMin: {x: 0.5, y: 0.5}
  m_AnchorMax: {x: 0.5, y: 0.5}
  m_AnchoredPosition: {x: -261, y: -218}
  m_SizeDelta: {x: 100, y: 100}
  m_Pivot: {x: 0.5, y: 0.5}
--- !u!114 &373843119
MonoBehaviour:
  m_ObjectHideFlags: 0
  m_PrefabParentObject: {fileID: 11497348, guid: 16c3dda0d49785c4ca8f8ead1a387d0f,
    type: 2}
  m_PrefabInternal: {fileID: 1699295446}
  m_GameObject: {fileID: 373843117}
  m_Enabled: 1
  m_EditorHideFlags: 0
  m_Script: {fileID: -765806418, guid: f5f67c52d1564df4a8936ccd202a3bd8, type: 3}
  m_Name: 
  m_EditorClassIdentifier: 
  m_Material: {fileID: 0}
  m_Color: {r: 0.80784315, g: 0.3137255, b: 0.3764706, a: 1}
  m_RaycastTarget: 1
  m_OnCullStateChanged:
    m_PersistentCalls:
      m_Calls: []
    m_TypeName: UnityEngine.UI.MaskableGraphic+CullStateChangedEvent, UnityEngine.UI,
      Version=1.0.0.0, Culture=neutral, PublicKeyToken=null
  m_Sprite: {fileID: 21300000, guid: 7ed1238760b863f4aafde32ab3a6f28c, type: 3}
  m_Type: 1
  m_PreserveAspect: 0
  m_FillCenter: 1
  m_FillMethod: 4
  m_FillAmount: 1
  m_FillClockwise: 1
  m_FillOrigin: 0
--- !u!222 &373843120
CanvasRenderer:
  m_ObjectHideFlags: 0
  m_PrefabParentObject: {fileID: 22297360, guid: 16c3dda0d49785c4ca8f8ead1a387d0f,
    type: 2}
  m_PrefabInternal: {fileID: 1699295446}
  m_GameObject: {fileID: 373843117}
--- !u!1 &440375371
GameObject:
  m_ObjectHideFlags: 0
  m_PrefabParentObject: {fileID: 197360, guid: 16c3dda0d49785c4ca8f8ead1a387d0f, type: 2}
  m_PrefabInternal: {fileID: 1699295446}
  serializedVersion: 4
  m_Component:
  - 224: {fileID: 440375372}
  - 222: {fileID: 440375374}
  - 114: {fileID: 440375373}
  m_Layer: 5
  m_Name: Image
  m_TagString: Untagged
  m_Icon: {fileID: 0}
  m_NavMeshLayer: 0
  m_StaticEditorFlags: 0
  m_IsActive: 1
--- !u!224 &440375372
RectTransform:
  m_ObjectHideFlags: 0
  m_PrefabParentObject: {fileID: 22497360, guid: 16c3dda0d49785c4ca8f8ead1a387d0f,
    type: 2}
  m_PrefabInternal: {fileID: 1699295446}
  m_GameObject: {fileID: 440375371}
  m_LocalRotation: {x: 0, y: 0, z: 0, w: 1}
  m_LocalPosition: {x: 0, y: 0, z: 0}
  m_LocalScale: {x: 1, y: 1, z: 1}
  m_LocalEulerAnglesHint: {x: 0, y: 0, z: 0}
  m_Children: []
  m_Father: {fileID: 1334307502}
  m_RootOrder: 0
  m_AnchorMin: {x: 0.5, y: 0.5}
  m_AnchorMax: {x: 0.5, y: 0.5}
  m_AnchoredPosition: {x: 0, y: 0}
  m_SizeDelta: {x: 69, y: 70}
  m_Pivot: {x: 0.5, y: 0.5}
--- !u!114 &440375373
MonoBehaviour:
  m_ObjectHideFlags: 0
  m_PrefabParentObject: {fileID: 11497350, guid: 16c3dda0d49785c4ca8f8ead1a387d0f,
    type: 2}
  m_PrefabInternal: {fileID: 1699295446}
  m_GameObject: {fileID: 440375371}
  m_Enabled: 1
  m_EditorHideFlags: 0
  m_Script: {fileID: -765806418, guid: f5f67c52d1564df4a8936ccd202a3bd8, type: 3}
  m_Name: 
  m_EditorClassIdentifier: 
  m_Material: {fileID: 0}
  m_Color: {r: 0.79607844, g: 0.3137255, b: 0.3764706, a: 1}
  m_RaycastTarget: 1
  m_OnCullStateChanged:
    m_PersistentCalls:
      m_Calls: []
    m_TypeName: UnityEngine.UI.MaskableGraphic+CullStateChangedEvent, UnityEngine.UI,
      Version=1.0.0.0, Culture=neutral, PublicKeyToken=null
  m_Sprite: {fileID: 21300000, guid: 97a54fc8182433741b9c60805404709f, type: 3}
  m_Type: 0
  m_PreserveAspect: 0
  m_FillCenter: 1
  m_FillMethod: 4
  m_FillAmount: 1
  m_FillClockwise: 1
  m_FillOrigin: 0
--- !u!222 &440375374
CanvasRenderer:
  m_ObjectHideFlags: 0
  m_PrefabParentObject: {fileID: 22297362, guid: 16c3dda0d49785c4ca8f8ead1a387d0f,
    type: 2}
  m_PrefabInternal: {fileID: 1699295446}
  m_GameObject: {fileID: 440375371}
--- !u!1 &523730739
GameObject:
  m_ObjectHideFlags: 0
  m_PrefabParentObject: {fileID: 197366, guid: 16c3dda0d49785c4ca8f8ead1a387d0f, type: 2}
  m_PrefabInternal: {fileID: 1699295446}
  serializedVersion: 4
  m_Component:
  - 224: {fileID: 523730740}
  - 222: {fileID: 523730742}
  - 114: {fileID: 523730741}
  m_Layer: 5
  m_Name: Element
  m_TagString: Untagged
  m_Icon: {fileID: 0}
  m_NavMeshLayer: 0
  m_StaticEditorFlags: 0
  m_IsActive: 1
--- !u!224 &523730740
RectTransform:
  m_ObjectHideFlags: 0
  m_PrefabParentObject: {fileID: 22497366, guid: 16c3dda0d49785c4ca8f8ead1a387d0f,
    type: 2}
  m_PrefabInternal: {fileID: 1699295446}
  m_GameObject: {fileID: 523730739}
  m_LocalRotation: {x: 0, y: 0, z: 0, w: 1}
  m_LocalPosition: {x: 0, y: 0, z: 0}
  m_LocalScale: {x: 1, y: 1, z: 1}
  m_LocalEulerAnglesHint: {x: 0, y: 0, z: 0}
  m_Children: []
  m_Father: {fileID: 1494380778}
  m_RootOrder: 4
  m_AnchorMin: {x: 0.5, y: 0.5}
  m_AnchorMax: {x: 0.5, y: 0.5}
  m_AnchoredPosition: {x: 39, y: -318}
  m_SizeDelta: {x: 100, y: 100}
  m_Pivot: {x: 0.5, y: 0.5}
--- !u!114 &523730741
MonoBehaviour:
  m_ObjectHideFlags: 0
  m_PrefabParentObject: {fileID: 11497356, guid: 16c3dda0d49785c4ca8f8ead1a387d0f,
    type: 2}
  m_PrefabInternal: {fileID: 1699295446}
  m_GameObject: {fileID: 523730739}
  m_Enabled: 1
  m_EditorHideFlags: 0
  m_Script: {fileID: -765806418, guid: f5f67c52d1564df4a8936ccd202a3bd8, type: 3}
  m_Name: 
  m_EditorClassIdentifier: 
  m_Material: {fileID: 0}
  m_Color: {r: 0.9019608, g: 0.60784316, b: 0.39215687, a: 1}
  m_RaycastTarget: 1
  m_OnCullStateChanged:
    m_PersistentCalls:
      m_Calls: []
    m_TypeName: UnityEngine.UI.MaskableGraphic+CullStateChangedEvent, UnityEngine.UI,
      Version=1.0.0.0, Culture=neutral, PublicKeyToken=null
  m_Sprite: {fileID: 21300000, guid: 7ed1238760b863f4aafde32ab3a6f28c, type: 3}
  m_Type: 1
  m_PreserveAspect: 0
  m_FillCenter: 1
  m_FillMethod: 4
  m_FillAmount: 1
  m_FillClockwise: 1
  m_FillOrigin: 0
--- !u!222 &523730742
CanvasRenderer:
  m_ObjectHideFlags: 0
  m_PrefabParentObject: {fileID: 22297368, guid: 16c3dda0d49785c4ca8f8ead1a387d0f,
    type: 2}
  m_PrefabInternal: {fileID: 1699295446}
  m_GameObject: {fileID: 523730739}
--- !u!1 &713469040
GameObject:
  m_ObjectHideFlags: 0
  m_PrefabParentObject: {fileID: 197390, guid: 16c3dda0d49785c4ca8f8ead1a387d0f, type: 2}
  m_PrefabInternal: {fileID: 1699295446}
  serializedVersion: 4
  m_Component:
  - 224: {fileID: 713469041}
  - 222: {fileID: 713469043}
  - 114: {fileID: 713469042}
  m_Layer: 5
  m_Name: Element
  m_TagString: Untagged
  m_Icon: {fileID: 0}
  m_NavMeshLayer: 0
  m_StaticEditorFlags: 0
  m_IsActive: 1
--- !u!224 &713469041
RectTransform:
  m_ObjectHideFlags: 0
  m_PrefabParentObject: {fileID: 22497390, guid: 16c3dda0d49785c4ca8f8ead1a387d0f,
    type: 2}
  m_PrefabInternal: {fileID: 1699295446}
  m_GameObject: {fileID: 713469040}
  m_LocalRotation: {x: 0, y: 0, z: 0.8802419, w: -0.47452533}
  m_LocalPosition: {x: 0, y: 0, z: 0}
  m_LocalScale: {x: 1, y: 1, z: 1}
  m_LocalEulerAnglesHint: {x: 0, y: 0, z: 0}
  m_Children: []
  m_Father: {fileID: 1494380778}
  m_RootOrder: 23
  m_AnchorMin: {x: 0.5, y: 0.5}
  m_AnchorMax: {x: 0.5, y: 0.5}
  m_AnchoredPosition: {x: -213, y: 469}
  m_SizeDelta: {x: 100, y: 100}
  m_Pivot: {x: 0.5, y: 0.5}
--- !u!114 &713469042
MonoBehaviour:
  m_ObjectHideFlags: 0
  m_PrefabParentObject: {fileID: 11497384, guid: 16c3dda0d49785c4ca8f8ead1a387d0f,
    type: 2}
  m_PrefabInternal: {fileID: 1699295446}
  m_GameObject: {fileID: 713469040}
  m_Enabled: 1
  m_EditorHideFlags: 0
  m_Script: {fileID: -765806418, guid: f5f67c52d1564df4a8936ccd202a3bd8, type: 3}
  m_Name: 
  m_EditorClassIdentifier: 
  m_Material: {fileID: 0}
  m_Color: {r: 0.8156863, g: 0.6666667, b: 0.40784314, a: 1}
  m_RaycastTarget: 1
  m_OnCullStateChanged:
    m_PersistentCalls:
      m_Calls: []
    m_TypeName: UnityEngine.UI.MaskableGraphic+CullStateChangedEvent, UnityEngine.UI,
      Version=1.0.0.0, Culture=neutral, PublicKeyToken=null
  m_Sprite: {fileID: 21300000, guid: 7ed1238760b863f4aafde32ab3a6f28c, type: 3}
  m_Type: 1
  m_PreserveAspect: 0
  m_FillCenter: 1
  m_FillMethod: 4
  m_FillAmount: 1
  m_FillClockwise: 1
  m_FillOrigin: 0
--- !u!222 &713469043
CanvasRenderer:
  m_ObjectHideFlags: 0
  m_PrefabParentObject: {fileID: 22297392, guid: 16c3dda0d49785c4ca8f8ead1a387d0f,
    type: 2}
  m_PrefabInternal: {fileID: 1699295446}
  m_GameObject: {fileID: 713469040}
--- !u!1 &741983532
GameObject:
  m_ObjectHideFlags: 0
  m_PrefabParentObject: {fileID: 197418, guid: 16c3dda0d49785c4ca8f8ead1a387d0f, type: 2}
  m_PrefabInternal: {fileID: 1699295446}
  serializedVersion: 4
  m_Component:
  - 224: {fileID: 741983533}
  - 222: {fileID: 741983535}
  - 114: {fileID: 741983534}
  m_Layer: 5
  m_Name: Element
  m_TagString: Untagged
  m_Icon: {fileID: 0}
  m_NavMeshLayer: 0
  m_StaticEditorFlags: 0
  m_IsActive: 1
--- !u!224 &741983533
RectTransform:
  m_ObjectHideFlags: 0
  m_PrefabParentObject: {fileID: 22497418, guid: 16c3dda0d49785c4ca8f8ead1a387d0f,
    type: 2}
  m_PrefabInternal: {fileID: 1699295446}
  m_GameObject: {fileID: 741983532}
  m_LocalRotation: {x: 0, y: 0, z: 0, w: 1}
  m_LocalPosition: {x: 0, y: 0, z: 0}
  m_LocalScale: {x: 1, y: 1, z: 1}
  m_LocalEulerAnglesHint: {x: 0, y: 0, z: 0}
  m_Children: []
  m_Father: {fileID: 1494380778}
  m_RootOrder: 8
  m_AnchorMin: {x: 0.5, y: 0.5}
  m_AnchorMax: {x: 0.5, y: 0.5}
  m_AnchoredPosition: {x: -61, y: -418}
  m_SizeDelta: {x: 100, y: 100}
  m_Pivot: {x: 0.5, y: 0.5}
--- !u!114 &741983534
MonoBehaviour:
  m_ObjectHideFlags: 0
  m_PrefabParentObject: {fileID: 11497416, guid: 16c3dda0d49785c4ca8f8ead1a387d0f,
    type: 2}
  m_PrefabInternal: {fileID: 1699295446}
  m_GameObject: {fileID: 741983532}
  m_Enabled: 1
  m_EditorHideFlags: 0
  m_Script: {fileID: -765806418, guid: f5f67c52d1564df4a8936ccd202a3bd8, type: 3}
  m_Name: 
  m_EditorClassIdentifier: 
  m_Material: {fileID: 0}
  m_Color: {r: 0.49803922, g: 0.6392157, b: 0.6313726, a: 1}
  m_RaycastTarget: 1
  m_OnCullStateChanged:
    m_PersistentCalls:
      m_Calls: []
    m_TypeName: UnityEngine.UI.MaskableGraphic+CullStateChangedEvent, UnityEngine.UI,
      Version=1.0.0.0, Culture=neutral, PublicKeyToken=null
  m_Sprite: {fileID: 21300000, guid: 7ed1238760b863f4aafde32ab3a6f28c, type: 3}
  m_Type: 1
  m_PreserveAspect: 0
  m_FillCenter: 1
  m_FillMethod: 4
  m_FillAmount: 1
  m_FillClockwise: 1
  m_FillOrigin: 0
--- !u!222 &741983535
CanvasRenderer:
  m_ObjectHideFlags: 0
  m_PrefabParentObject: {fileID: 22297418, guid: 16c3dda0d49785c4ca8f8ead1a387d0f,
    type: 2}
  m_PrefabInternal: {fileID: 1699295446}
  m_GameObject: {fileID: 741983532}
--- !u!1 &786975506
GameObject:
  m_ObjectHideFlags: 0
  m_PrefabParentObject: {fileID: 197378, guid: 16c3dda0d49785c4ca8f8ead1a387d0f, type: 2}
  m_PrefabInternal: {fileID: 1699295446}
  serializedVersion: 4
  m_Component:
  - 224: {fileID: 786975507}
  - 222: {fileID: 786975509}
  - 114: {fileID: 786975508}
  m_Layer: 5
  m_Name: AppTitle
  m_TagString: Untagged
  m_Icon: {fileID: 0}
  m_NavMeshLayer: 0
  m_StaticEditorFlags: 0
  m_IsActive: 1
--- !u!224 &786975507
RectTransform:
  m_ObjectHideFlags: 0
  m_PrefabParentObject: {fileID: 22497378, guid: 16c3dda0d49785c4ca8f8ead1a387d0f,
    type: 2}
  m_PrefabInternal: {fileID: 1699295446}
  m_GameObject: {fileID: 786975506}
  m_LocalRotation: {x: 0, y: 0, z: 0, w: 1}
  m_LocalPosition: {x: 0, y: 0, z: 0}
  m_LocalScale: {x: 1, y: 1, z: 1}
  m_LocalEulerAnglesHint: {x: 0, y: 0, z: 0}
  m_Children: []
  m_Father: {fileID: 1715300345}
  m_RootOrder: 0
  m_AnchorMin: {x: 0.5, y: 0.5}
  m_AnchorMax: {x: 0.5, y: 0.5}
  m_AnchoredPosition: {x: 295, y: -68}
  m_SizeDelta: {x: 695, y: 109}
  m_Pivot: {x: 0.5, y: 0.5}
--- !u!114 &786975508
MonoBehaviour:
  m_ObjectHideFlags: 0
  m_PrefabParentObject: {fileID: 11497370, guid: 16c3dda0d49785c4ca8f8ead1a387d0f,
    type: 2}
  m_PrefabInternal: {fileID: 1699295446}
  m_GameObject: {fileID: 786975506}
  m_Enabled: 1
  m_EditorHideFlags: 0
  m_Script: {fileID: 708705254, guid: f5f67c52d1564df4a8936ccd202a3bd8, type: 3}
  m_Name: 
  m_EditorClassIdentifier: 
  m_Material: {fileID: 0}
  m_Color: {r: 0.85490197, g: 0.85490197, b: 0.85490197, a: 1}
  m_RaycastTarget: 1
  m_OnCullStateChanged:
    m_PersistentCalls:
      m_Calls: []
    m_TypeName: UnityEngine.UI.MaskableGraphic+CullStateChangedEvent, UnityEngine.UI,
      Version=1.0.0.0, Culture=neutral, PublicKeyToken=null
  m_FontData:
    m_Font: {fileID: 12800000, guid: 218956a5c2a6e42d6a60afccf80b002b, type: 3}
    m_FontSize: 40
    m_FontStyle: 0
    m_BestFit: 0
    m_MinSize: 10
    m_MaxSize: 40
    m_Alignment: 0
    m_AlignByGeometry: 0
    m_RichText: 1
    m_HorizontalOverflow: 0
    m_VerticalOverflow: 1
    m_LineSpacing: 1
  m_Text: EXAMPLE
--- !u!222 &786975509
CanvasRenderer:
  m_ObjectHideFlags: 0
  m_PrefabParentObject: {fileID: 22297380, guid: 16c3dda0d49785c4ca8f8ead1a387d0f,
    type: 2}
  m_PrefabInternal: {fileID: 1699295446}
  m_GameObject: {fileID: 786975506}
--- !u!1 &804817490
GameObject:
  m_ObjectHideFlags: 0
  m_PrefabParentObject: {fileID: 197392, guid: 16c3dda0d49785c4ca8f8ead1a387d0f, type: 2}
  m_PrefabInternal: {fileID: 1699295446}
  serializedVersion: 4
  m_Component:
  - 224: {fileID: 804817491}
  - 222: {fileID: 804817493}
  - 114: {fileID: 804817492}
  m_Layer: 5
  m_Name: Element
  m_TagString: Untagged
  m_Icon: {fileID: 0}
  m_NavMeshLayer: 0
  m_StaticEditorFlags: 0
  m_IsActive: 1
--- !u!224 &804817491
RectTransform:
  m_ObjectHideFlags: 0
  m_PrefabParentObject: {fileID: 22497392, guid: 16c3dda0d49785c4ca8f8ead1a387d0f,
    type: 2}
  m_PrefabInternal: {fileID: 1699295446}
  m_GameObject: {fileID: 804817490}
  m_LocalRotation: {x: 0, y: 0, z: 0, w: 1}
  m_LocalPosition: {x: 0, y: 0, z: 0}
  m_LocalScale: {x: 1, y: 1, z: 1}
  m_LocalEulerAnglesHint: {x: 0, y: 0, z: 0}
  m_Children: []
  m_Father: {fileID: 1494380778}
  m_RootOrder: 17
  m_AnchorMin: {x: 0.5, y: 0.5}
  m_AnchorMax: {x: 0.5, y: 0.5}
  m_AnchoredPosition: {x: 39, y: -218}
  m_SizeDelta: {x: 100, y: 100}
  m_Pivot: {x: 0.5, y: 0.5}
--- !u!114 &804817492
MonoBehaviour:
  m_ObjectHideFlags: 0
  m_PrefabParentObject: {fileID: 11497386, guid: 16c3dda0d49785c4ca8f8ead1a387d0f,
    type: 2}
  m_PrefabInternal: {fileID: 1699295446}
  m_GameObject: {fileID: 804817490}
  m_Enabled: 1
  m_EditorHideFlags: 0
  m_Script: {fileID: -765806418, guid: f5f67c52d1564df4a8936ccd202a3bd8, type: 3}
  m_Name: 
  m_EditorClassIdentifier: 
  m_Material: {fileID: 0}
  m_Color: {r: 0.49803922, g: 0.6392157, b: 0.6313726, a: 1}
  m_RaycastTarget: 1
  m_OnCullStateChanged:
    m_PersistentCalls:
      m_Calls: []
    m_TypeName: UnityEngine.UI.MaskableGraphic+CullStateChangedEvent, UnityEngine.UI,
      Version=1.0.0.0, Culture=neutral, PublicKeyToken=null
  m_Sprite: {fileID: 21300000, guid: 7ed1238760b863f4aafde32ab3a6f28c, type: 3}
  m_Type: 1
  m_PreserveAspect: 0
  m_FillCenter: 1
  m_FillMethod: 4
  m_FillAmount: 1
  m_FillClockwise: 1
  m_FillOrigin: 0
--- !u!222 &804817493
CanvasRenderer:
  m_ObjectHideFlags: 0
  m_PrefabParentObject: {fileID: 22297394, guid: 16c3dda0d49785c4ca8f8ead1a387d0f,
    type: 2}
  m_PrefabInternal: {fileID: 1699295446}
  m_GameObject: {fileID: 804817490}
--- !u!1 &841113520
GameObject:
  m_ObjectHideFlags: 0
  m_PrefabParentObject: {fileID: 197386, guid: 16c3dda0d49785c4ca8f8ead1a387d0f, type: 2}
  m_PrefabInternal: {fileID: 1699295446}
  serializedVersion: 4
  m_Component:
  - 224: {fileID: 841113521}
  - 222: {fileID: 841113523}
  - 114: {fileID: 841113522}
  m_Layer: 5
  m_Name: Image
  m_TagString: Untagged
  m_Icon: {fileID: 0}
  m_NavMeshLayer: 0
  m_StaticEditorFlags: 0
  m_IsActive: 1
--- !u!224 &841113521
RectTransform:
  m_ObjectHideFlags: 0
  m_PrefabParentObject: {fileID: 22497386, guid: 16c3dda0d49785c4ca8f8ead1a387d0f,
    type: 2}
  m_PrefabInternal: {fileID: 1699295446}
  m_GameObject: {fileID: 841113520}
  m_LocalRotation: {x: 0, y: 0, z: 0, w: 1}
  m_LocalPosition: {x: 0, y: 0, z: 0}
  m_LocalScale: {x: 1, y: 1, z: 1}
  m_LocalEulerAnglesHint: {x: 0, y: 0, z: 0}
  m_Children: []
  m_Father: {fileID: 1763451353}
  m_RootOrder: 0
  m_AnchorMin: {x: 0.5, y: 0.5}
  m_AnchorMax: {x: 0.5, y: 0.5}
  m_AnchoredPosition: {x: 0, y: 0}
  m_SizeDelta: {x: 44, y: 45}
  m_Pivot: {x: 0.5, y: 0.5}
--- !u!114 &841113522
MonoBehaviour:
  m_ObjectHideFlags: 0
  m_PrefabParentObject: {fileID: 11497380, guid: 16c3dda0d49785c4ca8f8ead1a387d0f,
    type: 2}
  m_PrefabInternal: {fileID: 1699295446}
  m_GameObject: {fileID: 841113520}
  m_Enabled: 1
  m_EditorHideFlags: 0
  m_Script: {fileID: -765806418, guid: f5f67c52d1564df4a8936ccd202a3bd8, type: 3}
  m_Name: 
  m_EditorClassIdentifier: 
  m_Material: {fileID: 0}
  m_Color: {r: 0.79607844, g: 0.3137255, b: 0.3764706, a: 1}
  m_RaycastTarget: 1
  m_OnCullStateChanged:
    m_PersistentCalls:
      m_Calls: []
    m_TypeName: UnityEngine.UI.MaskableGraphic+CullStateChangedEvent, UnityEngine.UI,
      Version=1.0.0.0, Culture=neutral, PublicKeyToken=null
  m_Sprite: {fileID: 21300000, guid: 8cb84d042831e56469f2bbb35369aef1, type: 3}
  m_Type: 1
  m_PreserveAspect: 0
  m_FillCenter: 1
  m_FillMethod: 4
  m_FillAmount: 1
  m_FillClockwise: 1
  m_FillOrigin: 0
--- !u!222 &841113523
CanvasRenderer:
  m_ObjectHideFlags: 0
  m_PrefabParentObject: {fileID: 22297388, guid: 16c3dda0d49785c4ca8f8ead1a387d0f,
    type: 2}
  m_PrefabInternal: {fileID: 1699295446}
  m_GameObject: {fileID: 841113520}
--- !u!1 &940766580
GameObject:
  m_ObjectHideFlags: 0
  m_PrefabParentObject: {fileID: 197374, guid: 16c3dda0d49785c4ca8f8ead1a387d0f, type: 2}
  m_PrefabInternal: {fileID: 1699295446}
  serializedVersion: 4
  m_Component:
  - 224: {fileID: 940766581}
  - 222: {fileID: 940766583}
  - 114: {fileID: 940766582}
  m_Layer: 5
  m_Name: Element
  m_TagString: Untagged
  m_Icon: {fileID: 0}
  m_NavMeshLayer: 0
  m_StaticEditorFlags: 0
  m_IsActive: 1
--- !u!224 &940766581
RectTransform:
  m_ObjectHideFlags: 0
  m_PrefabParentObject: {fileID: 22497374, guid: 16c3dda0d49785c4ca8f8ead1a387d0f,
    type: 2}
  m_PrefabInternal: {fileID: 1699295446}
  m_GameObject: {fileID: 940766580}
  m_LocalRotation: {x: 0, y: 0, z: 0.26443806, w: -0.96440274}
  m_LocalPosition: {x: 0, y: 0, z: 0}
  m_LocalScale: {x: 1, y: 1, z: 1}
  m_LocalEulerAnglesHint: {x: 0, y: 0, z: 0}
  m_Children: []
  m_Father: {fileID: 1494380778}
  m_RootOrder: 21
  m_AnchorMin: {x: 0.5, y: 0.5}
  m_AnchorMax: {x: 0.5, y: 0.5}
  m_AnchoredPosition: {x: -118, y: 277}
  m_SizeDelta: {x: 100, y: 100}
  m_Pivot: {x: 0.5, y: 0.5}
--- !u!114 &940766582
MonoBehaviour:
  m_ObjectHideFlags: 0
  m_PrefabParentObject: {fileID: 11497366, guid: 16c3dda0d49785c4ca8f8ead1a387d0f,
    type: 2}
  m_PrefabInternal: {fileID: 1699295446}
  m_GameObject: {fileID: 940766580}
  m_Enabled: 1
  m_EditorHideFlags: 0
  m_Script: {fileID: -765806418, guid: f5f67c52d1564df4a8936ccd202a3bd8, type: 3}
  m_Name: 
  m_EditorClassIdentifier: 
  m_Material: {fileID: 0}
  m_Color: {r: 0.8627451, g: 0.45882353, b: 0.3647059, a: 1}
  m_RaycastTarget: 1
  m_OnCullStateChanged:
    m_PersistentCalls:
      m_Calls: []
    m_TypeName: UnityEngine.UI.MaskableGraphic+CullStateChangedEvent, UnityEngine.UI,
      Version=1.0.0.0, Culture=neutral, PublicKeyToken=null
  m_Sprite: {fileID: 21300000, guid: 7ed1238760b863f4aafde32ab3a6f28c, type: 3}
  m_Type: 1
  m_PreserveAspect: 0
  m_FillCenter: 1
  m_FillMethod: 4
  m_FillAmount: 1
  m_FillClockwise: 1
  m_FillOrigin: 0
--- !u!222 &940766583
CanvasRenderer:
  m_ObjectHideFlags: 0
  m_PrefabParentObject: {fileID: 22297376, guid: 16c3dda0d49785c4ca8f8ead1a387d0f,
    type: 2}
  m_PrefabInternal: {fileID: 1699295446}
  m_GameObject: {fileID: 940766580}
--- !u!1 &1070372145
GameObject:
  m_ObjectHideFlags: 0
  m_PrefabParentObject: {fileID: 197370, guid: 16c3dda0d49785c4ca8f8ead1a387d0f, type: 2}
  m_PrefabInternal: {fileID: 1699295446}
  serializedVersion: 4
  m_Component:
  - 224: {fileID: 1070372146}
  - 222: {fileID: 1070372148}
  - 114: {fileID: 1070372147}
  m_Layer: 5
  m_Name: Element
  m_TagString: Untagged
  m_Icon: {fileID: 0}
  m_NavMeshLayer: 0
  m_StaticEditorFlags: 0
  m_IsActive: 1
--- !u!224 &1070372146
RectTransform:
  m_ObjectHideFlags: 0
  m_PrefabParentObject: {fileID: 22497370, guid: 16c3dda0d49785c4ca8f8ead1a387d0f,
    type: 2}
  m_PrefabInternal: {fileID: 1699295446}
  m_GameObject: {fileID: 1070372145}
  m_LocalRotation: {x: 0, y: 0, z: 0, w: 1}
  m_LocalPosition: {x: 0, y: 0, z: 0}
  m_LocalScale: {x: 1, y: 1, z: 1}
  m_LocalEulerAnglesHint: {x: 0, y: 0, z: 0}
  m_Children: []
  m_Father: {fileID: 1494380778}
  m_RootOrder: 3
  m_AnchorMin: {x: 0.5, y: 0.5}
  m_AnchorMax: {x: 0.5, y: 0.5}
  m_AnchoredPosition: {x: -161, y: -318}
  m_SizeDelta: {x: 100, y: 100}
  m_Pivot: {x: 0.5, y: 0.5}
--- !u!114 &1070372147
MonoBehaviour:
  m_ObjectHideFlags: 0
  m_PrefabParentObject: {fileID: 11497360, guid: 16c3dda0d49785c4ca8f8ead1a387d0f,
    type: 2}
  m_PrefabInternal: {fileID: 1699295446}
  m_GameObject: {fileID: 1070372145}
  m_Enabled: 1
  m_EditorHideFlags: 0
  m_Script: {fileID: -765806418, guid: f5f67c52d1564df4a8936ccd202a3bd8, type: 3}
  m_Name: 
  m_EditorClassIdentifier: 
  m_Material: {fileID: 0}
  m_Color: {r: 0.18431373, g: 0.22352941, b: 0.26666668, a: 1}
  m_RaycastTarget: 1
  m_OnCullStateChanged:
    m_PersistentCalls:
      m_Calls: []
    m_TypeName: UnityEngine.UI.MaskableGraphic+CullStateChangedEvent, UnityEngine.UI,
      Version=1.0.0.0, Culture=neutral, PublicKeyToken=null
  m_Sprite: {fileID: 21300000, guid: 7ed1238760b863f4aafde32ab3a6f28c, type: 3}
  m_Type: 1
  m_PreserveAspect: 0
  m_FillCenter: 1
  m_FillMethod: 4
  m_FillAmount: 1
  m_FillClockwise: 1
  m_FillOrigin: 0
--- !u!222 &1070372148
CanvasRenderer:
  m_ObjectHideFlags: 0
  m_PrefabParentObject: {fileID: 22297372, guid: 16c3dda0d49785c4ca8f8ead1a387d0f,
    type: 2}
  m_PrefabInternal: {fileID: 1699295446}
  m_GameObject: {fileID: 1070372145}
--- !u!1 &1173800148
GameObject:
  m_ObjectHideFlags: 0
  m_PrefabParentObject: {fileID: 197376, guid: 16c3dda0d49785c4ca8f8ead1a387d0f, type: 2}
  m_PrefabInternal: {fileID: 1699295446}
  serializedVersion: 4
  m_Component:
  - 224: {fileID: 1173800149}
  - 222: {fileID: 1173800151}
  - 114: {fileID: 1173800150}
  m_Layer: 5
  m_Name: Element
  m_TagString: Untagged
  m_Icon: {fileID: 0}
  m_NavMeshLayer: 0
  m_StaticEditorFlags: 0
  m_IsActive: 1
--- !u!224 &1173800149
RectTransform:
  m_ObjectHideFlags: 0
  m_PrefabParentObject: {fileID: 22497376, guid: 16c3dda0d49785c4ca8f8ead1a387d0f,
    type: 2}
  m_PrefabInternal: {fileID: 1699295446}
  m_GameObject: {fileID: 1173800148}
  m_LocalRotation: {x: 0, y: 0, z: 0, w: 1}
  m_LocalPosition: {x: 0, y: 0, z: 0}
  m_LocalScale: {x: 1, y: 1, z: 1}
  m_LocalEulerAnglesHint: {x: 0, y: 0, z: 0}
  m_Children: []
  m_Father: {fileID: 1494380778}
  m_RootOrder: 2
  m_AnchorMin: {x: 0.5, y: 0.5}
  m_AnchorMax: {x: 0.5, y: 0.5}
  m_AnchoredPosition: {x: -61, y: -318}
  m_SizeDelta: {x: 100, y: 100}
  m_Pivot: {x: 0.5, y: 0.5}
--- !u!114 &1173800150
MonoBehaviour:
  m_ObjectHideFlags: 0
  m_PrefabParentObject: {fileID: 11497368, guid: 16c3dda0d49785c4ca8f8ead1a387d0f,
    type: 2}
  m_PrefabInternal: {fileID: 1699295446}
  m_GameObject: {fileID: 1173800148}
  m_Enabled: 1
  m_EditorHideFlags: 0
  m_Script: {fileID: -765806418, guid: f5f67c52d1564df4a8936ccd202a3bd8, type: 3}
  m_Name: 
  m_EditorClassIdentifier: 
  m_Material: {fileID: 0}
  m_Color: {r: 0.80784315, g: 0.3137255, b: 0.3764706, a: 1}
  m_RaycastTarget: 1
  m_OnCullStateChanged:
    m_PersistentCalls:
      m_Calls: []
    m_TypeName: UnityEngine.UI.MaskableGraphic+CullStateChangedEvent, UnityEngine.UI,
      Version=1.0.0.0, Culture=neutral, PublicKeyToken=null
  m_Sprite: {fileID: 21300000, guid: 7ed1238760b863f4aafde32ab3a6f28c, type: 3}
  m_Type: 1
  m_PreserveAspect: 0
  m_FillCenter: 1
  m_FillMethod: 4
  m_FillAmount: 1
  m_FillClockwise: 1
  m_FillOrigin: 0
--- !u!222 &1173800151
CanvasRenderer:
  m_ObjectHideFlags: 0
  m_PrefabParentObject: {fileID: 22297378, guid: 16c3dda0d49785c4ca8f8ead1a387d0f,
    type: 2}
  m_PrefabInternal: {fileID: 1699295446}
  m_GameObject: {fileID: 1173800148}
--- !u!1 &1288536790
GameObject:
  m_ObjectHideFlags: 0
  m_PrefabParentObject: {fileID: 197414, guid: 16c3dda0d49785c4ca8f8ead1a387d0f, type: 2}
  m_PrefabInternal: {fileID: 1699295446}
  serializedVersion: 4
  m_Component:
  - 224: {fileID: 1288536791}
  - 222: {fileID: 1288536793}
  - 114: {fileID: 1288536792}
  m_Layer: 5
  m_Name: Element
  m_TagString: Untagged
  m_Icon: {fileID: 0}
  m_NavMeshLayer: 0
  m_StaticEditorFlags: 0
  m_IsActive: 1
--- !u!224 &1288536791
RectTransform:
  m_ObjectHideFlags: 0
  m_PrefabParentObject: {fileID: 22497414, guid: 16c3dda0d49785c4ca8f8ead1a387d0f,
    type: 2}
  m_PrefabInternal: {fileID: 1699295446}
  m_GameObject: {fileID: 1288536790}
  m_LocalRotation: {x: 0, y: 0, z: 0, w: 1}
  m_LocalPosition: {x: 0, y: 0, z: 0}
  m_LocalScale: {x: 1, y: 1, z: 1}
  m_LocalEulerAnglesHint: {x: 0, y: 0, z: 0}
  m_Children: []
  m_Father: {fileID: 1494380778}
  m_RootOrder: 7
  m_AnchorMin: {x: 0.5, y: 0.5}
  m_AnchorMax: {x: 0.5, y: 0.5}
  m_AnchoredPosition: {x: 39, y: -418}
  m_SizeDelta: {x: 100, y: 100}
  m_Pivot: {x: 0.5, y: 0.5}
--- !u!114 &1288536792
MonoBehaviour:
  m_ObjectHideFlags: 0
  m_PrefabParentObject: {fileID: 11497412, guid: 16c3dda0d49785c4ca8f8ead1a387d0f,
    type: 2}
  m_PrefabInternal: {fileID: 1699295446}
  m_GameObject: {fileID: 1288536790}
  m_Enabled: 1
  m_EditorHideFlags: 0
  m_Script: {fileID: -765806418, guid: f5f67c52d1564df4a8936ccd202a3bd8, type: 3}
  m_Name: 
  m_EditorClassIdentifier: 
  m_Material: {fileID: 0}
  m_Color: {r: 0.81960785, g: 0.67058825, b: 0.40784314, a: 1}
  m_RaycastTarget: 1
  m_OnCullStateChanged:
    m_PersistentCalls:
      m_Calls: []
    m_TypeName: UnityEngine.UI.MaskableGraphic+CullStateChangedEvent, UnityEngine.UI,
      Version=1.0.0.0, Culture=neutral, PublicKeyToken=null
  m_Sprite: {fileID: 21300000, guid: 7ed1238760b863f4aafde32ab3a6f28c, type: 3}
  m_Type: 1
  m_PreserveAspect: 0
  m_FillCenter: 1
  m_FillMethod: 4
  m_FillAmount: 1
  m_FillClockwise: 1
  m_FillOrigin: 0
--- !u!222 &1288536793
CanvasRenderer:
  m_ObjectHideFlags: 0
  m_PrefabParentObject: {fileID: 22297414, guid: 16c3dda0d49785c4ca8f8ead1a387d0f,
    type: 2}
  m_PrefabInternal: {fileID: 1699295446}
  m_GameObject: {fileID: 1288536790}
--- !u!1 &1334307501
GameObject:
  m_ObjectHideFlags: 0
  m_PrefabParentObject: {fileID: 197422, guid: 16c3dda0d49785c4ca8f8ead1a387d0f, type: 2}
  m_PrefabInternal: {fileID: 1699295446}
  serializedVersion: 4
  m_Component:
  - 224: {fileID: 1334307502}
  - 222: {fileID: 1334307505}
  - 114: {fileID: 1334307504}
  - 114: {fileID: 1334307503}
  m_Layer: 5
  m_Name: Button
  m_TagString: Untagged
  m_Icon: {fileID: 0}
  m_NavMeshLayer: 0
  m_StaticEditorFlags: 0
  m_IsActive: 1
--- !u!224 &1334307502
RectTransform:
  m_ObjectHideFlags: 0
  m_PrefabParentObject: {fileID: 22497422, guid: 16c3dda0d49785c4ca8f8ead1a387d0f,
    type: 2}
  m_PrefabInternal: {fileID: 1699295446}
  m_GameObject: {fileID: 1334307501}
  m_LocalRotation: {x: 0, y: 0, z: 0, w: 1}
  m_LocalPosition: {x: 0, y: 0, z: 0}
  m_LocalScale: {x: 0.8, y: 0.8, z: 1}
  m_LocalEulerAnglesHint: {x: 0, y: 0, z: 0}
  m_Children:
  - {fileID: 440375372}
  m_Father: {fileID: 1910209684}
  m_RootOrder: 2
  m_AnchorMin: {x: 0.5, y: 0.5}
  m_AnchorMax: {x: 0.5, y: 0.5}
  m_AnchoredPosition: {x: 0, y: -339}
  m_SizeDelta: {x: 129, y: 129}
  m_Pivot: {x: 0.5, y: 0.5}
--- !u!114 &1334307503
MonoBehaviour:
  m_ObjectHideFlags: 0
  m_PrefabParentObject: {fileID: 11497422, guid: 16c3dda0d49785c4ca8f8ead1a387d0f,
    type: 2}
  m_PrefabInternal: {fileID: 1699295446}
  m_GameObject: {fileID: 1334307501}
  m_Enabled: 1
  m_EditorHideFlags: 0
  m_Script: {fileID: 1392445389, guid: f5f67c52d1564df4a8936ccd202a3bd8, type: 3}
  m_Name: 
  m_EditorClassIdentifier: 
  m_Navigation:
    m_Mode: 3
    m_SelectOnUp: {fileID: 0}
    m_SelectOnDown: {fileID: 0}
    m_SelectOnLeft: {fileID: 0}
    m_SelectOnRight: {fileID: 0}
  m_Transition: 1
  m_Colors:
    m_NormalColor: {r: 1, g: 1, b: 1, a: 1}
    m_HighlightedColor: {r: 0.9607843, g: 0.9607843, b: 0.9607843, a: 1}
    m_PressedColor: {r: 0.78431374, g: 0.78431374, b: 0.78431374, a: 1}
    m_DisabledColor: {r: 0.78431374, g: 0.78431374, b: 0.78431374, a: 0.5019608}
    m_ColorMultiplier: 1
    m_FadeDuration: 0.1
  m_SpriteState:
    m_HighlightedSprite: {fileID: 0}
    m_PressedSprite: {fileID: 0}
    m_DisabledSprite: {fileID: 0}
  m_AnimationTriggers:
    m_NormalTrigger: Normal
    m_HighlightedTrigger: Highlighted
    m_PressedTrigger: Pressed
    m_DisabledTrigger: Disabled
  m_Interactable: 1
  m_TargetGraphic: {fileID: 1334307504}
  m_OnClick:
    m_PersistentCalls:
      m_Calls: []
    m_TypeName: UnityEngine.UI.Button+ButtonClickedEvent, UnityEngine.UI, Version=1.0.0.0,
      Culture=neutral, PublicKeyToken=null
--- !u!114 &1334307504
MonoBehaviour:
  m_ObjectHideFlags: 0
  m_PrefabParentObject: {fileID: 11497420, guid: 16c3dda0d49785c4ca8f8ead1a387d0f,
    type: 2}
  m_PrefabInternal: {fileID: 1699295446}
  m_GameObject: {fileID: 1334307501}
  m_Enabled: 1
  m_EditorHideFlags: 0
  m_Script: {fileID: -765806418, guid: f5f67c52d1564df4a8936ccd202a3bd8, type: 3}
  m_Name: 
  m_EditorClassIdentifier: 
  m_Material: {fileID: 0}
  m_Color: {r: 0.99607843, g: 0.93333334, b: 0.6901961, a: 1}
  m_RaycastTarget: 1
  m_OnCullStateChanged:
    m_PersistentCalls:
      m_Calls: []
    m_TypeName: UnityEngine.UI.MaskableGraphic+CullStateChangedEvent, UnityEngine.UI,
      Version=1.0.0.0, Culture=neutral, PublicKeyToken=null
  m_Sprite: {fileID: 21300000, guid: 291502478103f274da140dc9d17c64dc, type: 3}
  m_Type: 0
  m_PreserveAspect: 0
  m_FillCenter: 1
  m_FillMethod: 4
  m_FillAmount: 1
  m_FillClockwise: 1
  m_FillOrigin: 0
--- !u!222 &1334307505
CanvasRenderer:
  m_ObjectHideFlags: 0
  m_PrefabParentObject: {fileID: 22297422, guid: 16c3dda0d49785c4ca8f8ead1a387d0f,
    type: 2}
  m_PrefabInternal: {fileID: 1699295446}
  m_GameObject: {fileID: 1334307501}
--- !u!1 &1494380777
GameObject:
  m_ObjectHideFlags: 0
  m_PrefabParentObject: {fileID: 197372, guid: 16c3dda0d49785c4ca8f8ead1a387d0f, type: 2}
  m_PrefabInternal: {fileID: 1699295446}
  serializedVersion: 4
  m_Component:
  - 224: {fileID: 1494380778}
  - 222: {fileID: 1494380781}
  - 114: {fileID: 1494380780}
  - 114: {fileID: 1494380779}
  m_Layer: 5
  m_Name: Panel
  m_TagString: Untagged
  m_Icon: {fileID: 0}
  m_NavMeshLayer: 0
  m_StaticEditorFlags: 0
  m_IsActive: 1
--- !u!224 &1494380778
RectTransform:
  m_ObjectHideFlags: 0
  m_PrefabParentObject: {fileID: 22497372, guid: 16c3dda0d49785c4ca8f8ead1a387d0f,
    type: 2}
  m_PrefabInternal: {fileID: 1699295446}
  m_GameObject: {fileID: 1494380777}
  m_LocalRotation: {x: 0, y: 0, z: 0, w: 1}
  m_LocalPosition: {x: 0, y: 0, z: 0}
  m_LocalScale: {x: 1, y: 1, z: 1}
  m_LocalEulerAnglesHint: {x: 0, y: 0, z: 0}
  m_Children:
  - {fileID: 1910209684}
  - {fileID: 373843118}
  - {fileID: 1173800149}
  - {fileID: 1070372146}
  - {fileID: 523730740}
  - {fileID: 2110117123}
  - {fileID: 2020623883}
  - {fileID: 1288536791}
  - {fileID: 741983533}
  - {fileID: 181529659}
  - {fileID: 1517145218}
  - {fileID: 1826721452}
  - {fileID: 1535092283}
  - {fileID: 2115362594}
  - {fileID: 357854660}
  - {fileID: 1727670901}
  - {fileID: 75770225}
  - {fileID: 804817491}
  - {fileID: 15627887}
  - {fileID: 1688262556}
  - {fileID: 2069500333}
  - {fileID: 940766581}
  - {fileID: 1829844839}
  - {fileID: 713469041}
  m_Father: {fileID: 281704502}
  m_RootOrder: 1
  m_AnchorMin: {x: 0.5, y: 0.5}
  m_AnchorMax: {x: 0.5, y: 0.5}
  m_AnchoredPosition: {x: 0, y: -0.020019531}
  m_SizeDelta: {x: 640, y: 1136}
  m_Pivot: {x: 0.5, y: 0.5}
--- !u!114 &1494380779
MonoBehaviour:
  m_ObjectHideFlags: 0
  m_PrefabParentObject: {fileID: 11497364, guid: 16c3dda0d49785c4ca8f8ead1a387d0f,
    type: 2}
  m_PrefabInternal: {fileID: 1699295446}
  m_GameObject: {fileID: 1494380777}
  m_Enabled: 1
  m_EditorHideFlags: 0
  m_Script: {fileID: -1200242548, guid: f5f67c52d1564df4a8936ccd202a3bd8, type: 3}
  m_Name: 
  m_EditorClassIdentifier: 
  m_ShowMaskGraphic: 1
--- !u!114 &1494380780
MonoBehaviour:
  m_ObjectHideFlags: 0
  m_PrefabParentObject: {fileID: 11497362, guid: 16c3dda0d49785c4ca8f8ead1a387d0f,
    type: 2}
  m_PrefabInternal: {fileID: 1699295446}
  m_GameObject: {fileID: 1494380777}
  m_Enabled: 1
  m_EditorHideFlags: 0
  m_Script: {fileID: -765806418, guid: f5f67c52d1564df4a8936ccd202a3bd8, type: 3}
  m_Name: 
  m_EditorClassIdentifier: 
  m_Material: {fileID: 0}
  m_Color: {r: 1, g: 0.94028074, b: 0.6980392, a: 1}
  m_RaycastTarget: 1
  m_OnCullStateChanged:
    m_PersistentCalls:
      m_Calls: []
    m_TypeName: UnityEngine.UI.MaskableGraphic+CullStateChangedEvent, UnityEngine.UI,
      Version=1.0.0.0, Culture=neutral, PublicKeyToken=null
  m_Sprite: {fileID: 21300000, guid: 7ed1238760b863f4aafde32ab3a6f28c, type: 3}
  m_Type: 1
  m_PreserveAspect: 0
  m_FillCenter: 1
  m_FillMethod: 4
  m_FillAmount: 1
  m_FillClockwise: 1
  m_FillOrigin: 0
--- !u!222 &1494380781
CanvasRenderer:
  m_ObjectHideFlags: 0
  m_PrefabParentObject: {fileID: 22297374, guid: 16c3dda0d49785c4ca8f8ead1a387d0f,
    type: 2}
  m_PrefabInternal: {fileID: 1699295446}
  m_GameObject: {fileID: 1494380777}
--- !u!1 &1500371475
GameObject:
  m_ObjectHideFlags: 0
  m_PrefabParentObject: {fileID: 0}
  m_PrefabInternal: {fileID: 0}
  serializedVersion: 4
  m_Component:
  - 4: {fileID: 1500371479}
  - 114: {fileID: 1500371478}
  - 114: {fileID: 1500371477}
  - 114: {fileID: 1500371476}
  m_Layer: 0
  m_Name: EventSystem
  m_TagString: Untagged
  m_Icon: {fileID: 0}
  m_NavMeshLayer: 0
  m_StaticEditorFlags: 0
  m_IsActive: 1
--- !u!114 &1500371476
MonoBehaviour:
  m_ObjectHideFlags: 0
  m_PrefabParentObject: {fileID: 0}
  m_PrefabInternal: {fileID: 0}
  m_GameObject: {fileID: 1500371475}
  m_Enabled: 1
  m_EditorHideFlags: 0
  m_Script: {fileID: 1997211142, guid: f5f67c52d1564df4a8936ccd202a3bd8, type: 3}
  m_Name: 
  m_EditorClassIdentifier: 
  m_ForceModuleActive: 0
--- !u!114 &1500371477
MonoBehaviour:
  m_ObjectHideFlags: 0
  m_PrefabParentObject: {fileID: 0}
  m_PrefabInternal: {fileID: 0}
  m_GameObject: {fileID: 1500371475}
  m_Enabled: 1
  m_EditorHideFlags: 0
  m_Script: {fileID: 1077351063, guid: f5f67c52d1564df4a8936ccd202a3bd8, type: 3}
  m_Name: 
  m_EditorClassIdentifier: 
  m_HorizontalAxis: Horizontal
  m_VerticalAxis: Vertical
  m_SubmitButton: Submit
  m_CancelButton: Cancel
  m_InputActionsPerSecond: 10
  m_RepeatDelay: 0.5
  m_ForceModuleActive: 0
--- !u!114 &1500371478
MonoBehaviour:
  m_ObjectHideFlags: 0
  m_PrefabParentObject: {fileID: 0}
  m_PrefabInternal: {fileID: 0}
  m_GameObject: {fileID: 1500371475}
  m_Enabled: 1
  m_EditorHideFlags: 0
  m_Script: {fileID: -619905303, guid: f5f67c52d1564df4a8936ccd202a3bd8, type: 3}
  m_Name: 
  m_EditorClassIdentifier: 
  m_FirstSelected: {fileID: 0}
  m_sendNavigationEvents: 1
  m_DragThreshold: 5
--- !u!4 &1500371479
Transform:
  m_ObjectHideFlags: 0
  m_PrefabParentObject: {fileID: 0}
  m_PrefabInternal: {fileID: 0}
  m_GameObject: {fileID: 1500371475}
  m_LocalRotation: {x: 0, y: 0, z: 0, w: 1}
  m_LocalPosition: {x: 0, y: 0, z: 0}
  m_LocalScale: {x: 1, y: 1, z: 1}
  m_LocalEulerAnglesHint: {x: 0, y: 0, z: 0}
  m_Children: []
  m_Father: {fileID: 0}
  m_RootOrder: 1
--- !u!1 &1511305452
GameObject:
  m_ObjectHideFlags: 0
  m_PrefabParentObject: {fileID: 0}
  m_PrefabInternal: {fileID: 0}
  serializedVersion: 4
  m_Component:
  - 4: {fileID: 1511305453}
  m_Layer: 0
  m_Name: __SET_YOUR_GAMESCREEN_TO_640x1136
  m_TagString: Untagged
  m_Icon: {fileID: 0}
  m_NavMeshLayer: 0
  m_StaticEditorFlags: 0
  m_IsActive: 1
--- !u!4 &1511305453
Transform:
  m_ObjectHideFlags: 0
  m_PrefabParentObject: {fileID: 0}
  m_PrefabInternal: {fileID: 0}
  m_GameObject: {fileID: 1511305452}
  m_LocalRotation: {x: 0, y: 0, z: 0, w: 1}
  m_LocalPosition: {x: 494.995, y: 627.74, z: 0}
  m_LocalScale: {x: 1, y: 1, z: 1}
  m_LocalEulerAnglesHint: {x: 0, y: 0, z: 0}
  m_Children: []
  m_Father: {fileID: 0}
  m_RootOrder: 2
--- !u!1 &1517145217
GameObject:
  m_ObjectHideFlags: 0
  m_PrefabParentObject: {fileID: 197380, guid: 16c3dda0d49785c4ca8f8ead1a387d0f, type: 2}
  m_PrefabInternal: {fileID: 1699295446}
  serializedVersion: 4
  m_Component:
  - 224: {fileID: 1517145218}
  - 222: {fileID: 1517145220}
  - 114: {fileID: 1517145219}
  m_Layer: 5
  m_Name: Element
  m_TagString: Untagged
  m_Icon: {fileID: 0}
  m_NavMeshLayer: 0
  m_StaticEditorFlags: 0
  m_IsActive: 1
--- !u!224 &1517145218
RectTransform:
  m_ObjectHideFlags: 0
  m_PrefabParentObject: {fileID: 22497380, guid: 16c3dda0d49785c4ca8f8ead1a387d0f,
    type: 2}
  m_PrefabInternal: {fileID: 1699295446}
  m_GameObject: {fileID: 1517145217}
  m_LocalRotation: {x: 0, y: 0, z: 0, w: 1}
  m_LocalPosition: {x: 0, y: 0, z: 0}
  m_LocalScale: {x: 1, y: 1, z: 1}
  m_LocalEulerAnglesHint: {x: 0, y: 0, z: 0}
  m_Children: []
  m_Father: {fileID: 1494380778}
  m_RootOrder: 10
  m_AnchorMin: {x: 0.5, y: 0.5}
  m_AnchorMax: {x: 0.5, y: 0.5}
  m_AnchoredPosition: {x: -61, y: -518}
  m_SizeDelta: {x: 100, y: 100}
  m_Pivot: {x: 0.5, y: 0.5}
--- !u!114 &1517145219
MonoBehaviour:
  m_ObjectHideFlags: 0
  m_PrefabParentObject: {fileID: 11497372, guid: 16c3dda0d49785c4ca8f8ead1a387d0f,
    type: 2}
  m_PrefabInternal: {fileID: 1699295446}
  m_GameObject: {fileID: 1517145217}
  m_Enabled: 1
  m_EditorHideFlags: 0
  m_Script: {fileID: -765806418, guid: f5f67c52d1564df4a8936ccd202a3bd8, type: 3}
  m_Name: 
  m_EditorClassIdentifier: 
  m_Material: {fileID: 0}
  m_Color: {r: 0.80784315, g: 0.3137255, b: 0.3764706, a: 1}
  m_RaycastTarget: 1
  m_OnCullStateChanged:
    m_PersistentCalls:
      m_Calls: []
    m_TypeName: UnityEngine.UI.MaskableGraphic+CullStateChangedEvent, UnityEngine.UI,
      Version=1.0.0.0, Culture=neutral, PublicKeyToken=null
  m_Sprite: {fileID: 21300000, guid: 7ed1238760b863f4aafde32ab3a6f28c, type: 3}
  m_Type: 1
  m_PreserveAspect: 0
  m_FillCenter: 1
  m_FillMethod: 4
  m_FillAmount: 1
  m_FillClockwise: 1
  m_FillOrigin: 0
--- !u!222 &1517145220
CanvasRenderer:
  m_ObjectHideFlags: 0
  m_PrefabParentObject: {fileID: 22297382, guid: 16c3dda0d49785c4ca8f8ead1a387d0f,
    type: 2}
  m_PrefabInternal: {fileID: 1699295446}
  m_GameObject: {fileID: 1517145217}
--- !u!1 &1535092282
GameObject:
  m_ObjectHideFlags: 0
  m_PrefabParentObject: {fileID: 197420, guid: 16c3dda0d49785c4ca8f8ead1a387d0f, type: 2}
  m_PrefabInternal: {fileID: 1699295446}
  serializedVersion: 4
  m_Component:
  - 224: {fileID: 1535092283}
  - 222: {fileID: 1535092285}
  - 114: {fileID: 1535092284}
  m_Layer: 5
  m_Name: Element
  m_TagString: Untagged
  m_Icon: {fileID: 0}
  m_NavMeshLayer: 0
  m_StaticEditorFlags: 0
  m_IsActive: 1
--- !u!224 &1535092283
RectTransform:
  m_ObjectHideFlags: 0
  m_PrefabParentObject: {fileID: 22497420, guid: 16c3dda0d49785c4ca8f8ead1a387d0f,
    type: 2}
  m_PrefabInternal: {fileID: 1699295446}
  m_GameObject: {fileID: 1535092282}
  m_LocalRotation: {x: 0, y: 0, z: 0, w: 1}
  m_LocalPosition: {x: 0, y: 0, z: 0}
  m_LocalScale: {x: 1, y: 1, z: 1}
  m_LocalEulerAnglesHint: {x: 0, y: 0, z: 0}
  m_Children: []
  m_Father: {fileID: 1494380778}
  m_RootOrder: 12
  m_AnchorMin: {x: 0.5, y: 0.5}
  m_AnchorMax: {x: 0.5, y: 0.5}
  m_AnchoredPosition: {x: -161, y: -418}
  m_SizeDelta: {x: 100, y: 100}
  m_Pivot: {x: 0.5, y: 0.5}
--- !u!114 &1535092284
MonoBehaviour:
  m_ObjectHideFlags: 0
  m_PrefabParentObject: {fileID: 11497418, guid: 16c3dda0d49785c4ca8f8ead1a387d0f,
    type: 2}
  m_PrefabInternal: {fileID: 1699295446}
  m_GameObject: {fileID: 1535092282}
  m_Enabled: 1
  m_EditorHideFlags: 0
  m_Script: {fileID: -765806418, guid: f5f67c52d1564df4a8936ccd202a3bd8, type: 3}
  m_Name: 
  m_EditorClassIdentifier: 
  m_Material: {fileID: 0}
  m_Color: {r: 0.5058824, g: 0.6862745, b: 0.5411765, a: 1}
  m_RaycastTarget: 1
  m_OnCullStateChanged:
    m_PersistentCalls:
      m_Calls: []
    m_TypeName: UnityEngine.UI.MaskableGraphic+CullStateChangedEvent, UnityEngine.UI,
      Version=1.0.0.0, Culture=neutral, PublicKeyToken=null
  m_Sprite: {fileID: 21300000, guid: 7ed1238760b863f4aafde32ab3a6f28c, type: 3}
  m_Type: 1
  m_PreserveAspect: 0
  m_FillCenter: 1
  m_FillMethod: 4
  m_FillAmount: 1
  m_FillClockwise: 1
  m_FillOrigin: 0
--- !u!222 &1535092285
CanvasRenderer:
  m_ObjectHideFlags: 0
  m_PrefabParentObject: {fileID: 22297420, guid: 16c3dda0d49785c4ca8f8ead1a387d0f,
    type: 2}
  m_PrefabInternal: {fileID: 1699295446}
  m_GameObject: {fileID: 1535092282}
--- !u!1 &1688262555
GameObject:
  m_ObjectHideFlags: 0
  m_PrefabParentObject: {fileID: 197404, guid: 16c3dda0d49785c4ca8f8ead1a387d0f, type: 2}
  m_PrefabInternal: {fileID: 1699295446}
  serializedVersion: 4
  m_Component:
  - 224: {fileID: 1688262556}
  - 222: {fileID: 1688262558}
  - 114: {fileID: 1688262557}
  m_Layer: 5
  m_Name: Element
  m_TagString: Untagged
  m_Icon: {fileID: 0}
  m_NavMeshLayer: 0
  m_StaticEditorFlags: 0
  m_IsActive: 1
--- !u!224 &1688262556
RectTransform:
  m_ObjectHideFlags: 0
  m_PrefabParentObject: {fileID: 22497404, guid: 16c3dda0d49785c4ca8f8ead1a387d0f,
    type: 2}
  m_PrefabInternal: {fileID: 1699295446}
  m_GameObject: {fileID: 1688262555}
  m_LocalRotation: {x: 0, y: 0, z: 0, w: 1}
  m_LocalPosition: {x: 0, y: 0, z: 0}
  m_LocalScale: {x: 1, y: 1, z: 1}
  m_LocalEulerAnglesHint: {x: 0, y: 0, z: 0}
  m_Children: []
  m_Father: {fileID: 1494380778}
  m_RootOrder: 19
  m_AnchorMin: {x: 0.5, y: 0.5}
  m_AnchorMax: {x: 0.5, y: 0.5}
  m_AnchoredPosition: {x: 39, y: -18}
  m_SizeDelta: {x: 100, y: 100}
  m_Pivot: {x: 0.5, y: 0.5}
--- !u!114 &1688262557
MonoBehaviour:
  m_ObjectHideFlags: 0
  m_PrefabParentObject: {fileID: 11497400, guid: 16c3dda0d49785c4ca8f8ead1a387d0f,
    type: 2}
  m_PrefabInternal: {fileID: 1699295446}
  m_GameObject: {fileID: 1688262555}
  m_Enabled: 1
  m_EditorHideFlags: 0
  m_Script: {fileID: -765806418, guid: f5f67c52d1564df4a8936ccd202a3bd8, type: 3}
  m_Name: 
  m_EditorClassIdentifier: 
  m_Material: {fileID: 0}
  m_Color: {r: 0.18431373, g: 0.22352941, b: 0.26666668, a: 1}
  m_RaycastTarget: 1
  m_OnCullStateChanged:
    m_PersistentCalls:
      m_Calls: []
    m_TypeName: UnityEngine.UI.MaskableGraphic+CullStateChangedEvent, UnityEngine.UI,
      Version=1.0.0.0, Culture=neutral, PublicKeyToken=null
  m_Sprite: {fileID: 21300000, guid: 7ed1238760b863f4aafde32ab3a6f28c, type: 3}
  m_Type: 1
  m_PreserveAspect: 0
  m_FillCenter: 1
  m_FillMethod: 4
  m_FillAmount: 1
  m_FillClockwise: 1
  m_FillOrigin: 0
--- !u!222 &1688262558
CanvasRenderer:
  m_ObjectHideFlags: 0
  m_PrefabParentObject: {fileID: 22297406, guid: 16c3dda0d49785c4ca8f8ead1a387d0f,
    type: 2}
  m_PrefabInternal: {fileID: 1699295446}
  m_GameObject: {fileID: 1688262555}
--- !u!1001 &1699295446
Prefab:
  m_ObjectHideFlags: 0
  serializedVersion: 2
  m_Modification:
    m_TransformParent: {fileID: 0}
    m_Modifications:
    - target: {fileID: 22497412, guid: 16c3dda0d49785c4ca8f8ead1a387d0f, type: 2}
      propertyPath: m_LocalPosition.x
      value: 0
      objectReference: {fileID: 0}
    - target: {fileID: 22497412, guid: 16c3dda0d49785c4ca8f8ead1a387d0f, type: 2}
      propertyPath: m_LocalPosition.y
      value: 0
      objectReference: {fileID: 0}
    - target: {fileID: 22497412, guid: 16c3dda0d49785c4ca8f8ead1a387d0f, type: 2}
      propertyPath: m_LocalPosition.z
      value: 0
      objectReference: {fileID: 0}
    - target: {fileID: 22497412, guid: 16c3dda0d49785c4ca8f8ead1a387d0f, type: 2}
      propertyPath: m_LocalRotation.x
      value: 0
      objectReference: {fileID: 0}
    - target: {fileID: 22497412, guid: 16c3dda0d49785c4ca8f8ead1a387d0f, type: 2}
      propertyPath: m_LocalRotation.y
      value: 0
      objectReference: {fileID: 0}
    - target: {fileID: 22497412, guid: 16c3dda0d49785c4ca8f8ead1a387d0f, type: 2}
      propertyPath: m_LocalRotation.z
      value: 0
      objectReference: {fileID: 0}
    - target: {fileID: 22497412, guid: 16c3dda0d49785c4ca8f8ead1a387d0f, type: 2}
      propertyPath: m_LocalRotation.w
      value: 1
      objectReference: {fileID: 0}
    - target: {fileID: 22497412, guid: 16c3dda0d49785c4ca8f8ead1a387d0f, type: 2}
      propertyPath: m_RootOrder
      value: 0
      objectReference: {fileID: 0}
    - target: {fileID: 22497412, guid: 16c3dda0d49785c4ca8f8ead1a387d0f, type: 2}
      propertyPath: m_AnchoredPosition.x
      value: 0
      objectReference: {fileID: 0}
    - target: {fileID: 22497412, guid: 16c3dda0d49785c4ca8f8ead1a387d0f, type: 2}
      propertyPath: m_AnchoredPosition.y
      value: 0
      objectReference: {fileID: 0}
    - target: {fileID: 22497412, guid: 16c3dda0d49785c4ca8f8ead1a387d0f, type: 2}
      propertyPath: m_SizeDelta.x
      value: 0
      objectReference: {fileID: 0}
    - target: {fileID: 22497412, guid: 16c3dda0d49785c4ca8f8ead1a387d0f, type: 2}
      propertyPath: m_SizeDelta.y
      value: 0
      objectReference: {fileID: 0}
    - target: {fileID: 22497412, guid: 16c3dda0d49785c4ca8f8ead1a387d0f, type: 2}
      propertyPath: m_AnchorMin.x
      value: 0
      objectReference: {fileID: 0}
    - target: {fileID: 22497412, guid: 16c3dda0d49785c4ca8f8ead1a387d0f, type: 2}
      propertyPath: m_AnchorMin.y
      value: 0
      objectReference: {fileID: 0}
    - target: {fileID: 22497412, guid: 16c3dda0d49785c4ca8f8ead1a387d0f, type: 2}
      propertyPath: m_AnchorMax.x
      value: 0
      objectReference: {fileID: 0}
    - target: {fileID: 22497412, guid: 16c3dda0d49785c4ca8f8ead1a387d0f, type: 2}
      propertyPath: m_AnchorMax.y
      value: 0
      objectReference: {fileID: 0}
    - target: {fileID: 22497412, guid: 16c3dda0d49785c4ca8f8ead1a387d0f, type: 2}
      propertyPath: m_Pivot.x
      value: 0
      objectReference: {fileID: 0}
    - target: {fileID: 22497412, guid: 16c3dda0d49785c4ca8f8ead1a387d0f, type: 2}
      propertyPath: m_Pivot.y
      value: 0
      objectReference: {fileID: 0}
    m_RemovedComponents: []
  m_ParentPrefab: {fileID: 100100000, guid: 16c3dda0d49785c4ca8f8ead1a387d0f, type: 2}
  m_RootGameObject: {fileID: 281704498}
  m_IsPrefabParent: 0
--- !u!1 &1715300344
GameObject:
  m_ObjectHideFlags: 0
  m_PrefabParentObject: {fileID: 197354, guid: 16c3dda0d49785c4ca8f8ead1a387d0f, type: 2}
  m_PrefabInternal: {fileID: 1699295446}
  serializedVersion: 4
  m_Component:
  - 224: {fileID: 1715300345}
  - 222: {fileID: 1715300347}
  - 114: {fileID: 1715300346}
  m_Layer: 5
  m_Name: AppTitle
  m_TagString: Untagged
  m_Icon: {fileID: 0}
  m_NavMeshLayer: 0
  m_StaticEditorFlags: 0
  m_IsActive: 1
--- !u!224 &1715300345
RectTransform:
  m_ObjectHideFlags: 0
  m_PrefabParentObject: {fileID: 22497354, guid: 16c3dda0d49785c4ca8f8ead1a387d0f,
    type: 2}
  m_PrefabInternal: {fileID: 1699295446}
  m_GameObject: {fileID: 1715300344}
  m_LocalRotation: {x: 0, y: 0, z: 0, w: 1}
  m_LocalPosition: {x: 0, y: 0, z: 0}
  m_LocalScale: {x: 1, y: 1, z: 1}
  m_LocalEulerAnglesHint: {x: 0, y: 0, z: 0}
  m_Children:
  - {fileID: 786975507}
  m_Father: {fileID: 281704502}
  m_RootOrder: 0
  m_AnchorMin: {x: 0.5, y: 0.5}
  m_AnchorMax: {x: 0.5, y: 0.5}
  m_AnchoredPosition: {x: 27.495, y: 633}
  m_SizeDelta: {x: 695, y: 109}
  m_Pivot: {x: 0.5, y: 0.5}
--- !u!114 &1715300346
MonoBehaviour:
  m_ObjectHideFlags: 0
  m_PrefabParentObject: {fileID: 11497344, guid: 16c3dda0d49785c4ca8f8ead1a387d0f,
    type: 2}
  m_PrefabInternal: {fileID: 1699295446}
  m_GameObject: {fileID: 1715300344}
  m_Enabled: 1
  m_EditorHideFlags: 0
  m_Script: {fileID: 708705254, guid: f5f67c52d1564df4a8936ccd202a3bd8, type: 3}
  m_Name: 
  m_EditorClassIdentifier: 
  m_Material: {fileID: 0}
  m_Color: {r: 0.85490197, g: 0.85490197, b: 0.85490197, a: 1}
  m_RaycastTarget: 1
  m_OnCullStateChanged:
    m_PersistentCalls:
      m_Calls: []
    m_TypeName: UnityEngine.UI.MaskableGraphic+CullStateChangedEvent, UnityEngine.UI,
      Version=1.0.0.0, Culture=neutral, PublicKeyToken=null
  m_FontData:
    m_Font: {fileID: 12800000, guid: 218956a5c2a6e42d6a60afccf80b002b, type: 3}
    m_FontSize: 102
    m_FontStyle: 0
    m_BestFit: 0
    m_MinSize: 10
    m_MaxSize: 102
    m_Alignment: 0
    m_AlignByGeometry: 0
    m_RichText: 1
    m_HorizontalOverflow: 0
    m_VerticalOverflow: 1
    m_LineSpacing: 1
  m_Text: GAME
--- !u!222 &1715300347
CanvasRenderer:
  m_ObjectHideFlags: 0
  m_PrefabParentObject: {fileID: 22297356, guid: 16c3dda0d49785c4ca8f8ead1a387d0f,
    type: 2}
  m_PrefabInternal: {fileID: 1699295446}
  m_GameObject: {fileID: 1715300344}
--- !u!1 &1727670900
GameObject:
  m_ObjectHideFlags: 0
  m_PrefabParentObject: {fileID: 197408, guid: 16c3dda0d49785c4ca8f8ead1a387d0f, type: 2}
  m_PrefabInternal: {fileID: 1699295446}
  serializedVersion: 4
  m_Component:
  - 224: {fileID: 1727670901}
  - 222: {fileID: 1727670903}
  - 114: {fileID: 1727670902}
  m_Layer: 5
  m_Name: Element
  m_TagString: Untagged
  m_Icon: {fileID: 0}
  m_NavMeshLayer: 0
  m_StaticEditorFlags: 0
  m_IsActive: 1
--- !u!224 &1727670901
RectTransform:
  m_ObjectHideFlags: 0
  m_PrefabParentObject: {fileID: 22497408, guid: 16c3dda0d49785c4ca8f8ead1a387d0f,
    type: 2}
  m_PrefabInternal: {fileID: 1699295446}
  m_GameObject: {fileID: 1727670900}
  m_LocalRotation: {x: 0, y: 0, z: 0, w: 1}
  m_LocalPosition: {x: 0, y: 0, z: 0}
  m_LocalScale: {x: 1, y: 1, z: 1}
  m_LocalEulerAnglesHint: {x: 0, y: 0, z: 0}
  m_Children: []
  m_Father: {fileID: 1494380778}
  m_RootOrder: 15
  m_AnchorMin: {x: 0.5, y: 0.5}
  m_AnchorMax: {x: 0.5, y: 0.5}
  m_AnchoredPosition: {x: -261, y: -118}
  m_SizeDelta: {x: 100, y: 100}
  m_Pivot: {x: 0.5, y: 0.5}
--- !u!114 &1727670902
MonoBehaviour:
  m_ObjectHideFlags: 0
  m_PrefabParentObject: {fileID: 11497404, guid: 16c3dda0d49785c4ca8f8ead1a387d0f,
    type: 2}
  m_PrefabInternal: {fileID: 1699295446}
  m_GameObject: {fileID: 1727670900}
  m_Enabled: 1
  m_EditorHideFlags: 0
  m_Script: {fileID: -765806418, guid: f5f67c52d1564df4a8936ccd202a3bd8, type: 3}
  m_Name: 
  m_EditorClassIdentifier: 
  m_Material: {fileID: 0}
  m_Color: {r: 0.49803922, g: 0.6392157, b: 0.6313726, a: 1}
  m_RaycastTarget: 1
  m_OnCullStateChanged:
    m_PersistentCalls:
      m_Calls: []
    m_TypeName: UnityEngine.UI.MaskableGraphic+CullStateChangedEvent, UnityEngine.UI,
      Version=1.0.0.0, Culture=neutral, PublicKeyToken=null
  m_Sprite: {fileID: 21300000, guid: 7ed1238760b863f4aafde32ab3a6f28c, type: 3}
  m_Type: 1
  m_PreserveAspect: 0
  m_FillCenter: 1
  m_FillMethod: 4
  m_FillAmount: 1
  m_FillClockwise: 1
  m_FillOrigin: 0
--- !u!222 &1727670903
CanvasRenderer:
  m_ObjectHideFlags: 0
  m_PrefabParentObject: {fileID: 22297410, guid: 16c3dda0d49785c4ca8f8ead1a387d0f,
    type: 2}
  m_PrefabInternal: {fileID: 1699295446}
  m_GameObject: {fileID: 1727670900}
--- !u!1 &1742872036
GameObject:
  m_ObjectHideFlags: 0
  m_PrefabParentObject: {fileID: 197382, guid: 16c3dda0d49785c4ca8f8ead1a387d0f, type: 2}
  m_PrefabInternal: {fileID: 1699295446}
  serializedVersion: 4
  m_Component:
  - 224: {fileID: 1742872037}
  - 222: {fileID: 1742872040}
  - 114: {fileID: 1742872039}
  - 114: {fileID: 1742872038}
  m_Layer: 5
  m_Name: Button
  m_TagString: Untagged
  m_Icon: {fileID: 0}
  m_NavMeshLayer: 0
  m_StaticEditorFlags: 0
  m_IsActive: 1
--- !u!224 &1742872037
RectTransform:
  m_ObjectHideFlags: 0
  m_PrefabParentObject: {fileID: 22497382, guid: 16c3dda0d49785c4ca8f8ead1a387d0f,
    type: 2}
  m_PrefabInternal: {fileID: 1699295446}
  m_GameObject: {fileID: 1742872036}
  m_LocalRotation: {x: 0, y: 0, z: 0, w: 1}
  m_LocalPosition: {x: 0, y: 0, z: 0}
  m_LocalScale: {x: 0.8, y: 0.8, z: 1}
  m_LocalEulerAnglesHint: {x: 0, y: 0, z: 0}
  m_Children:
  - {fileID: 1870193459}
  m_Father: {fileID: 1910209684}
  m_RootOrder: 1
  m_AnchorMin: {x: 0.5, y: 0.5}
  m_AnchorMax: {x: 0.5, y: 0.5}
  m_AnchoredPosition: {x: 0, y: -220}
  m_SizeDelta: {x: 129, y: 129}
  m_Pivot: {x: 0.5, y: 0.5}
--- !u!114 &1742872038
MonoBehaviour:
  m_ObjectHideFlags: 0
  m_PrefabParentObject: {fileID: 11497376, guid: 16c3dda0d49785c4ca8f8ead1a387d0f,
    type: 2}
  m_PrefabInternal: {fileID: 1699295446}
  m_GameObject: {fileID: 1742872036}
  m_Enabled: 1
  m_EditorHideFlags: 0
  m_Script: {fileID: 1392445389, guid: f5f67c52d1564df4a8936ccd202a3bd8, type: 3}
  m_Name: 
  m_EditorClassIdentifier: 
  m_Navigation:
    m_Mode: 3
    m_SelectOnUp: {fileID: 0}
    m_SelectOnDown: {fileID: 0}
    m_SelectOnLeft: {fileID: 0}
    m_SelectOnRight: {fileID: 0}
  m_Transition: 1
  m_Colors:
    m_NormalColor: {r: 1, g: 1, b: 1, a: 1}
    m_HighlightedColor: {r: 0.9607843, g: 0.9607843, b: 0.9607843, a: 1}
    m_PressedColor: {r: 0.78431374, g: 0.78431374, b: 0.78431374, a: 1}
    m_DisabledColor: {r: 0.78431374, g: 0.78431374, b: 0.78431374, a: 0.5019608}
    m_ColorMultiplier: 1
    m_FadeDuration: 0.1
  m_SpriteState:
    m_HighlightedSprite: {fileID: 0}
    m_PressedSprite: {fileID: 0}
    m_DisabledSprite: {fileID: 0}
  m_AnimationTriggers:
    m_NormalTrigger: Normal
    m_HighlightedTrigger: Highlighted
    m_PressedTrigger: Pressed
    m_DisabledTrigger: Disabled
  m_Interactable: 1
  m_TargetGraphic: {fileID: 1742872039}
  m_OnClick:
    m_PersistentCalls:
      m_Calls: []
    m_TypeName: UnityEngine.UI.Button+ButtonClickedEvent, UnityEngine.UI, Version=1.0.0.0,
      Culture=neutral, PublicKeyToken=null
--- !u!114 &1742872039
MonoBehaviour:
  m_ObjectHideFlags: 0
  m_PrefabParentObject: {fileID: 11497374, guid: 16c3dda0d49785c4ca8f8ead1a387d0f,
    type: 2}
  m_PrefabInternal: {fileID: 1699295446}
  m_GameObject: {fileID: 1742872036}
  m_Enabled: 1
  m_EditorHideFlags: 0
  m_Script: {fileID: -765806418, guid: f5f67c52d1564df4a8936ccd202a3bd8, type: 3}
  m_Name: 
  m_EditorClassIdentifier: 
  m_Material: {fileID: 0}
  m_Color: {r: 0.99607843, g: 0.93333334, b: 0.6901961, a: 1}
  m_RaycastTarget: 1
  m_OnCullStateChanged:
    m_PersistentCalls:
      m_Calls: []
    m_TypeName: UnityEngine.UI.MaskableGraphic+CullStateChangedEvent, UnityEngine.UI,
      Version=1.0.0.0, Culture=neutral, PublicKeyToken=null
  m_Sprite: {fileID: 21300000, guid: 291502478103f274da140dc9d17c64dc, type: 3}
  m_Type: 0
  m_PreserveAspect: 0
  m_FillCenter: 1
  m_FillMethod: 4
  m_FillAmount: 1
  m_FillClockwise: 1
  m_FillOrigin: 0
--- !u!222 &1742872040
CanvasRenderer:
  m_ObjectHideFlags: 0
  m_PrefabParentObject: {fileID: 22297384, guid: 16c3dda0d49785c4ca8f8ead1a387d0f,
    type: 2}
  m_PrefabInternal: {fileID: 1699295446}
  m_GameObject: {fileID: 1742872036}
--- !u!1 &1763451352
GameObject:
  m_ObjectHideFlags: 0
  m_PrefabParentObject: {fileID: 197402, guid: 16c3dda0d49785c4ca8f8ead1a387d0f, type: 2}
  m_PrefabInternal: {fileID: 1699295446}
  serializedVersion: 4
  m_Component:
  - 224: {fileID: 1763451353}
  - 222: {fileID: 1763451356}
  - 114: {fileID: 1763451355}
  - 114: {fileID: 1763451354}
  m_Layer: 5
  m_Name: Button
  m_TagString: Untagged
  m_Icon: {fileID: 0}
  m_NavMeshLayer: 0
  m_StaticEditorFlags: 0
  m_IsActive: 1
--- !u!224 &1763451353
RectTransform:
  m_ObjectHideFlags: 0
  m_PrefabParentObject: {fileID: 22497402, guid: 16c3dda0d49785c4ca8f8ead1a387d0f,
    type: 2}
  m_PrefabInternal: {fileID: 1699295446}
  m_GameObject: {fileID: 1763451352}
  m_LocalRotation: {x: 0, y: 0, z: 0, w: 1}
  m_LocalPosition: {x: 0, y: 0, z: 0}
  m_LocalScale: {x: 0.8, y: 0.8, z: 1}
  m_LocalEulerAnglesHint: {x: 0, y: 0, z: 0}
  m_Children:
  - {fileID: 841113521}
  m_Father: {fileID: 1910209684}
  m_RootOrder: 3
  m_AnchorMin: {x: 0.5, y: 0.5}
  m_AnchorMax: {x: 0.5, y: 0.5}
  m_AnchoredPosition: {x: 0, y: -457}
  m_SizeDelta: {x: 129, y: 129}
  m_Pivot: {x: 0.5, y: 0.5}
--- !u!114 &1763451354
MonoBehaviour:
  m_ObjectHideFlags: 0
  m_PrefabParentObject: {fileID: 11497398, guid: 16c3dda0d49785c4ca8f8ead1a387d0f,
    type: 2}
  m_PrefabInternal: {fileID: 1699295446}
  m_GameObject: {fileID: 1763451352}
  m_Enabled: 1
  m_EditorHideFlags: 0
  m_Script: {fileID: 1392445389, guid: f5f67c52d1564df4a8936ccd202a3bd8, type: 3}
  m_Name: 
  m_EditorClassIdentifier: 
  m_Navigation:
    m_Mode: 3
    m_SelectOnUp: {fileID: 0}
    m_SelectOnDown: {fileID: 0}
    m_SelectOnLeft: {fileID: 0}
    m_SelectOnRight: {fileID: 0}
  m_Transition: 1
  m_Colors:
    m_NormalColor: {r: 1, g: 1, b: 1, a: 1}
    m_HighlightedColor: {r: 0.9607843, g: 0.9607843, b: 0.9607843, a: 1}
    m_PressedColor: {r: 0.78431374, g: 0.78431374, b: 0.78431374, a: 1}
    m_DisabledColor: {r: 0.78431374, g: 0.78431374, b: 0.78431374, a: 0.5019608}
    m_ColorMultiplier: 1
    m_FadeDuration: 0.1
  m_SpriteState:
    m_HighlightedSprite: {fileID: 0}
    m_PressedSprite: {fileID: 0}
    m_DisabledSprite: {fileID: 0}
  m_AnimationTriggers:
    m_NormalTrigger: Normal
    m_HighlightedTrigger: Highlighted
    m_PressedTrigger: Pressed
    m_DisabledTrigger: Disabled
  m_Interactable: 1
  m_TargetGraphic: {fileID: 1763451355}
  m_OnClick:
    m_PersistentCalls:
      m_Calls: []
    m_TypeName: UnityEngine.UI.Button+ButtonClickedEvent, UnityEngine.UI, Version=1.0.0.0,
      Culture=neutral, PublicKeyToken=null
--- !u!114 &1763451355
MonoBehaviour:
  m_ObjectHideFlags: 0
  m_PrefabParentObject: {fileID: 11497396, guid: 16c3dda0d49785c4ca8f8ead1a387d0f,
    type: 2}
  m_PrefabInternal: {fileID: 1699295446}
  m_GameObject: {fileID: 1763451352}
  m_Enabled: 1
  m_EditorHideFlags: 0
  m_Script: {fileID: -765806418, guid: f5f67c52d1564df4a8936ccd202a3bd8, type: 3}
  m_Name: 
  m_EditorClassIdentifier: 
  m_Material: {fileID: 0}
  m_Color: {r: 0.99607843, g: 0.93333334, b: 0.6901961, a: 1}
  m_RaycastTarget: 1
  m_OnCullStateChanged:
    m_PersistentCalls:
      m_Calls: []
    m_TypeName: UnityEngine.UI.MaskableGraphic+CullStateChangedEvent, UnityEngine.UI,
      Version=1.0.0.0, Culture=neutral, PublicKeyToken=null
  m_Sprite: {fileID: 21300000, guid: 291502478103f274da140dc9d17c64dc, type: 3}
  m_Type: 0
  m_PreserveAspect: 0
  m_FillCenter: 1
  m_FillMethod: 4
  m_FillAmount: 1
  m_FillClockwise: 1
  m_FillOrigin: 0
--- !u!222 &1763451356
CanvasRenderer:
  m_ObjectHideFlags: 0
  m_PrefabParentObject: {fileID: 22297404, guid: 16c3dda0d49785c4ca8f8ead1a387d0f,
    type: 2}
  m_PrefabInternal: {fileID: 1699295446}
  m_GameObject: {fileID: 1763451352}
--- !u!1 &1826721451
GameObject:
  m_ObjectHideFlags: 0
  m_PrefabParentObject: {fileID: 197400, guid: 16c3dda0d49785c4ca8f8ead1a387d0f, type: 2}
  m_PrefabInternal: {fileID: 1699295446}
  serializedVersion: 4
  m_Component:
  - 224: {fileID: 1826721452}
  - 222: {fileID: 1826721454}
  - 114: {fileID: 1826721453}
  m_Layer: 5
  m_Name: Element
  m_TagString: Untagged
  m_Icon: {fileID: 0}
  m_NavMeshLayer: 0
  m_StaticEditorFlags: 0
  m_IsActive: 1
--- !u!224 &1826721452
RectTransform:
  m_ObjectHideFlags: 0
  m_PrefabParentObject: {fileID: 22497400, guid: 16c3dda0d49785c4ca8f8ead1a387d0f,
    type: 2}
  m_PrefabInternal: {fileID: 1699295446}
  m_GameObject: {fileID: 1826721451}
  m_LocalRotation: {x: 0, y: 0, z: 0, w: 1}
  m_LocalPosition: {x: 0, y: 0, z: 0}
  m_LocalScale: {x: 1, y: 1, z: 1}
  m_LocalEulerAnglesHint: {x: 0, y: 0, z: 0}
  m_Children: []
  m_Father: {fileID: 1494380778}
  m_RootOrder: 11
  m_AnchorMin: {x: 0.5, y: 0.5}
  m_AnchorMax: {x: 0.5, y: 0.5}
  m_AnchoredPosition: {x: -261, y: -518}
  m_SizeDelta: {x: 100, y: 100}
  m_Pivot: {x: 0.5, y: 0.5}
--- !u!114 &1826721453
MonoBehaviour:
  m_ObjectHideFlags: 0
  m_PrefabParentObject: {fileID: 11497394, guid: 16c3dda0d49785c4ca8f8ead1a387d0f,
    type: 2}
  m_PrefabInternal: {fileID: 1699295446}
  m_GameObject: {fileID: 1826721451}
  m_Enabled: 1
  m_EditorHideFlags: 0
  m_Script: {fileID: -765806418, guid: f5f67c52d1564df4a8936ccd202a3bd8, type: 3}
  m_Name: 
  m_EditorClassIdentifier: 
  m_Material: {fileID: 0}
  m_Color: {r: 0.80784315, g: 0.3137255, b: 0.3764706, a: 1}
  m_RaycastTarget: 1
  m_OnCullStateChanged:
    m_PersistentCalls:
      m_Calls: []
    m_TypeName: UnityEngine.UI.MaskableGraphic+CullStateChangedEvent, UnityEngine.UI,
      Version=1.0.0.0, Culture=neutral, PublicKeyToken=null
  m_Sprite: {fileID: 21300000, guid: 7ed1238760b863f4aafde32ab3a6f28c, type: 3}
  m_Type: 1
  m_PreserveAspect: 0
  m_FillCenter: 1
  m_FillMethod: 4
  m_FillAmount: 1
  m_FillClockwise: 1
  m_FillOrigin: 0
--- !u!222 &1826721454
CanvasRenderer:
  m_ObjectHideFlags: 0
  m_PrefabParentObject: {fileID: 22297402, guid: 16c3dda0d49785c4ca8f8ead1a387d0f,
    type: 2}
  m_PrefabInternal: {fileID: 1699295446}
  m_GameObject: {fileID: 1826721451}
--- !u!1 &1829844838
GameObject:
  m_ObjectHideFlags: 0
  m_PrefabParentObject: {fileID: 197388, guid: 16c3dda0d49785c4ca8f8ead1a387d0f, type: 2}
  m_PrefabInternal: {fileID: 1699295446}
  serializedVersion: 4
  m_Component:
  - 224: {fileID: 1829844839}
  - 222: {fileID: 1829844841}
  - 114: {fileID: 1829844840}
  m_Layer: 5
  m_Name: Element
  m_TagString: Untagged
  m_Icon: {fileID: 0}
  m_NavMeshLayer: 0
  m_StaticEditorFlags: 0
  m_IsActive: 1
--- !u!224 &1829844839
RectTransform:
  m_ObjectHideFlags: 0
  m_PrefabParentObject: {fileID: 22497388, guid: 16c3dda0d49785c4ca8f8ead1a387d0f,
    type: 2}
  m_PrefabInternal: {fileID: 1699295446}
  m_GameObject: {fileID: 1829844838}
  m_LocalRotation: {x: 0, y: 0, z: 0.64994544, w: -0.7599809}
  m_LocalPosition: {x: 0, y: 0, z: 0}
  m_LocalScale: {x: 1, y: 1, z: 1}
  m_LocalEulerAnglesHint: {x: 0, y: 0, z: 0}
  m_Children: []
  m_Father: {fileID: 1494380778}
  m_RootOrder: 22
  m_AnchorMin: {x: 0.5, y: 0.5}
  m_AnchorMax: {x: 0.5, y: 0.5}
  m_AnchoredPosition: {x: -2, y: 464}
  m_SizeDelta: {x: 100, y: 100}
  m_Pivot: {x: 0.5, y: 0.5}
--- !u!114 &1829844840
MonoBehaviour:
  m_ObjectHideFlags: 0
  m_PrefabParentObject: {fileID: 11497382, guid: 16c3dda0d49785c4ca8f8ead1a387d0f,
    type: 2}
  m_PrefabInternal: {fileID: 1699295446}
  m_GameObject: {fileID: 1829844838}
  m_Enabled: 1
  m_EditorHideFlags: 0
  m_Script: {fileID: -765806418, guid: f5f67c52d1564df4a8936ccd202a3bd8, type: 3}
  m_Name: 
  m_EditorClassIdentifier: 
  m_Material: {fileID: 0}
  m_Color: {r: 0.8039216, g: 0.3137255, b: 0.3764706, a: 1}
  m_RaycastTarget: 1
  m_OnCullStateChanged:
    m_PersistentCalls:
      m_Calls: []
    m_TypeName: UnityEngine.UI.MaskableGraphic+CullStateChangedEvent, UnityEngine.UI,
      Version=1.0.0.0, Culture=neutral, PublicKeyToken=null
  m_Sprite: {fileID: 21300000, guid: 7ed1238760b863f4aafde32ab3a6f28c, type: 3}
  m_Type: 1
  m_PreserveAspect: 0
  m_FillCenter: 1
  m_FillMethod: 4
  m_FillAmount: 1
  m_FillClockwise: 1
  m_FillOrigin: 0
--- !u!222 &1829844841
CanvasRenderer:
  m_ObjectHideFlags: 0
  m_PrefabParentObject: {fileID: 22297390, guid: 16c3dda0d49785c4ca8f8ead1a387d0f,
    type: 2}
  m_PrefabInternal: {fileID: 1699295446}
  m_GameObject: {fileID: 1829844838}
--- !u!1 &1870193458
GameObject:
  m_ObjectHideFlags: 0
  m_PrefabParentObject: {fileID: 197406, guid: 16c3dda0d49785c4ca8f8ead1a387d0f, type: 2}
  m_PrefabInternal: {fileID: 1699295446}
  serializedVersion: 4
  m_Component:
  - 224: {fileID: 1870193459}
  - 222: {fileID: 1870193461}
  - 114: {fileID: 1870193460}
  m_Layer: 5
  m_Name: Image
  m_TagString: Untagged
  m_Icon: {fileID: 0}
  m_NavMeshLayer: 0
  m_StaticEditorFlags: 0
  m_IsActive: 1
--- !u!224 &1870193459
RectTransform:
  m_ObjectHideFlags: 0
  m_PrefabParentObject: {fileID: 22497406, guid: 16c3dda0d49785c4ca8f8ead1a387d0f,
    type: 2}
  m_PrefabInternal: {fileID: 1699295446}
  m_GameObject: {fileID: 1870193458}
  m_LocalRotation: {x: 0, y: 0, z: 0, w: 1}
  m_LocalPosition: {x: 0, y: 0, z: 0}
  m_LocalScale: {x: 1, y: 1, z: 1}
  m_LocalEulerAnglesHint: {x: 0, y: 0, z: 0}
  m_Children: []
  m_Father: {fileID: 1742872037}
  m_RootOrder: 0
  m_AnchorMin: {x: 0.5, y: 0.5}
  m_AnchorMax: {x: 0.5, y: 0.5}
  m_AnchoredPosition: {x: 0, y: 0}
  m_SizeDelta: {x: 71.6, y: 57.6}
  m_Pivot: {x: 0.5, y: 0.5}
--- !u!114 &1870193460
MonoBehaviour:
  m_ObjectHideFlags: 0
  m_PrefabParentObject: {fileID: 11497402, guid: 16c3dda0d49785c4ca8f8ead1a387d0f,
    type: 2}
  m_PrefabInternal: {fileID: 1699295446}
  m_GameObject: {fileID: 1870193458}
  m_Enabled: 1
  m_EditorHideFlags: 0
  m_Script: {fileID: -765806418, guid: f5f67c52d1564df4a8936ccd202a3bd8, type: 3}
  m_Name: 
  m_EditorClassIdentifier: 
  m_Material: {fileID: 0}
  m_Color: {r: 0.79607844, g: 0.3137255, b: 0.3764706, a: 1}
  m_RaycastTarget: 1
  m_OnCullStateChanged:
    m_PersistentCalls:
      m_Calls: []
    m_TypeName: UnityEngine.UI.MaskableGraphic+CullStateChangedEvent, UnityEngine.UI,
      Version=1.0.0.0, Culture=neutral, PublicKeyToken=null
  m_Sprite: {fileID: 21300000, guid: 77534365ccebed545aaf5bd56a39bf79, type: 3}
  m_Type: 0
  m_PreserveAspect: 0
  m_FillCenter: 1
  m_FillMethod: 4
  m_FillAmount: 1
  m_FillClockwise: 1
  m_FillOrigin: 0
--- !u!222 &1870193461
CanvasRenderer:
  m_ObjectHideFlags: 0
  m_PrefabParentObject: {fileID: 22297408, guid: 16c3dda0d49785c4ca8f8ead1a387d0f,
    type: 2}
  m_PrefabInternal: {fileID: 1699295446}
  m_GameObject: {fileID: 1870193458}
--- !u!1 &1910209683
GameObject:
  m_ObjectHideFlags: 0
  m_PrefabParentObject: {fileID: 197394, guid: 16c3dda0d49785c4ca8f8ead1a387d0f, type: 2}
  m_PrefabInternal: {fileID: 1699295446}
  serializedVersion: 4
  m_Component:
  - 224: {fileID: 1910209684}
  - 222: {fileID: 1910209686}
  - 114: {fileID: 1910209685}
  m_Layer: 5
  m_Name: SideBar
  m_TagString: Untagged
  m_Icon: {fileID: 0}
  m_NavMeshLayer: 0
  m_StaticEditorFlags: 0
  m_IsActive: 1
--- !u!224 &1910209684
RectTransform:
  m_ObjectHideFlags: 0
  m_PrefabParentObject: {fileID: 22497394, guid: 16c3dda0d49785c4ca8f8ead1a387d0f,
    type: 2}
  m_PrefabInternal: {fileID: 1699295446}
  m_GameObject: {fileID: 1910209683}
  m_LocalRotation: {x: 0, y: 0, z: 0, w: 1}
  m_LocalPosition: {x: 0, y: 0, z: 0}
  m_LocalScale: {x: 1, y: 1, z: 1}
  m_LocalEulerAnglesHint: {x: 0, y: 0, z: 0}
  m_Children:
  - {fileID: 24722580}
  - {fileID: 1742872037}
  - {fileID: 1334307502}
  - {fileID: 1763451353}
  m_Father: {fileID: 1494380778}
  m_RootOrder: 0
  m_AnchorMin: {x: 0.5, y: 0.5}
  m_AnchorMax: {x: 0.5, y: 0.5}
  m_AnchoredPosition: {x: 211, y: 0}
  m_SizeDelta: {x: 219, y: 1136}
  m_Pivot: {x: 0.5, y: 0.5}
--- !u!114 &1910209685
MonoBehaviour:
  m_ObjectHideFlags: 0
  m_PrefabParentObject: {fileID: 11497388, guid: 16c3dda0d49785c4ca8f8ead1a387d0f,
    type: 2}
  m_PrefabInternal: {fileID: 1699295446}
  m_GameObject: {fileID: 1910209683}
  m_Enabled: 1
  m_EditorHideFlags: 0
  m_Script: {fileID: -765806418, guid: f5f67c52d1564df4a8936ccd202a3bd8, type: 3}
  m_Name: 
  m_EditorClassIdentifier: 
  m_Material: {fileID: 0}
  m_Color: {r: 0.8, g: 0.3137255, b: 0.3764706, a: 1}
  m_RaycastTarget: 1
  m_OnCullStateChanged:
    m_PersistentCalls:
      m_Calls: []
    m_TypeName: UnityEngine.UI.MaskableGraphic+CullStateChangedEvent, UnityEngine.UI,
      Version=1.0.0.0, Culture=neutral, PublicKeyToken=null
  m_Sprite: {fileID: 21300000, guid: 7ed1238760b863f4aafde32ab3a6f28c, type: 3}
  m_Type: 1
  m_PreserveAspect: 0
  m_FillCenter: 1
  m_FillMethod: 4
  m_FillAmount: 1
  m_FillClockwise: 1
  m_FillOrigin: 0
--- !u!222 &1910209686
CanvasRenderer:
  m_ObjectHideFlags: 0
  m_PrefabParentObject: {fileID: 22297396, guid: 16c3dda0d49785c4ca8f8ead1a387d0f,
    type: 2}
  m_PrefabInternal: {fileID: 1699295446}
  m_GameObject: {fileID: 1910209683}
--- !u!1 &2020623882
GameObject:
  m_ObjectHideFlags: 0
  m_PrefabParentObject: {fileID: 197398, guid: 16c3dda0d49785c4ca8f8ead1a387d0f, type: 2}
  m_PrefabInternal: {fileID: 1699295446}
  serializedVersion: 4
  m_Component:
  - 224: {fileID: 2020623883}
  - 222: {fileID: 2020623885}
  - 114: {fileID: 2020623884}
  m_Layer: 5
  m_Name: Element
  m_TagString: Untagged
  m_Icon: {fileID: 0}
  m_NavMeshLayer: 0
  m_StaticEditorFlags: 0
  m_IsActive: 1
--- !u!224 &2020623883
RectTransform:
  m_ObjectHideFlags: 0
  m_PrefabParentObject: {fileID: 22497398, guid: 16c3dda0d49785c4ca8f8ead1a387d0f,
    type: 2}
  m_PrefabInternal: {fileID: 1699295446}
  m_GameObject: {fileID: 2020623882}
  m_LocalRotation: {x: 0, y: 0, z: 0, w: 1}
  m_LocalPosition: {x: 0, y: 0, z: 0}
  m_LocalScale: {x: 1, y: 1, z: 1}
  m_LocalEulerAnglesHint: {x: 0, y: 0, z: 0}
  m_Children: []
  m_Father: {fileID: 1494380778}
  m_RootOrder: 6
  m_AnchorMin: {x: 0.5, y: 0.5}
  m_AnchorMax: {x: 0.5, y: 0.5}
  m_AnchoredPosition: {x: -261, y: -418}
  m_SizeDelta: {x: 100, y: 100}
  m_Pivot: {x: 0.5, y: 0.5}
--- !u!114 &2020623884
MonoBehaviour:
  m_ObjectHideFlags: 0
  m_PrefabParentObject: {fileID: 11497392, guid: 16c3dda0d49785c4ca8f8ead1a387d0f,
    type: 2}
  m_PrefabInternal: {fileID: 1699295446}
  m_GameObject: {fileID: 2020623882}
  m_Enabled: 1
  m_EditorHideFlags: 0
  m_Script: {fileID: -765806418, guid: f5f67c52d1564df4a8936ccd202a3bd8, type: 3}
  m_Name: 
  m_EditorClassIdentifier: 
  m_Material: {fileID: 0}
  m_Color: {r: 0.49803922, g: 0.6392157, b: 0.6313726, a: 1}
  m_RaycastTarget: 1
  m_OnCullStateChanged:
    m_PersistentCalls:
      m_Calls: []
    m_TypeName: UnityEngine.UI.MaskableGraphic+CullStateChangedEvent, UnityEngine.UI,
      Version=1.0.0.0, Culture=neutral, PublicKeyToken=null
  m_Sprite: {fileID: 21300000, guid: 7ed1238760b863f4aafde32ab3a6f28c, type: 3}
  m_Type: 1
  m_PreserveAspect: 0
  m_FillCenter: 1
  m_FillMethod: 4
  m_FillAmount: 1
  m_FillClockwise: 1
  m_FillOrigin: 0
--- !u!222 &2020623885
CanvasRenderer:
  m_ObjectHideFlags: 0
  m_PrefabParentObject: {fileID: 22297400, guid: 16c3dda0d49785c4ca8f8ead1a387d0f,
    type: 2}
  m_PrefabInternal: {fileID: 1699295446}
  m_GameObject: {fileID: 2020623882}
--- !u!1 &2069500332
GameObject:
  m_ObjectHideFlags: 0
  m_PrefabParentObject: {fileID: 197384, guid: 16c3dda0d49785c4ca8f8ead1a387d0f, type: 2}
  m_PrefabInternal: {fileID: 1699295446}
  serializedVersion: 4
  m_Component:
  - 224: {fileID: 2069500333}
  - 222: {fileID: 2069500335}
  - 114: {fileID: 2069500334}
  m_Layer: 5
  m_Name: Element
  m_TagString: Untagged
  m_Icon: {fileID: 0}
  m_NavMeshLayer: 0
  m_StaticEditorFlags: 0
  m_IsActive: 1
--- !u!224 &2069500333
RectTransform:
  m_ObjectHideFlags: 0
  m_PrefabParentObject: {fileID: 22497384, guid: 16c3dda0d49785c4ca8f8ead1a387d0f,
    type: 2}
  m_PrefabInternal: {fileID: 1699295446}
  m_GameObject: {fileID: 2069500332}
  m_LocalRotation: {x: 0, y: 0, z: 0, w: 1}
  m_LocalPosition: {x: 0, y: 0, z: 0}
  m_LocalScale: {x: 1, y: 1, z: 1}
  m_LocalEulerAnglesHint: {x: 0, y: 0, z: 0}
  m_Children: []
  m_Father: {fileID: 1494380778}
  m_RootOrder: 20
  m_AnchorMin: {x: 0.5, y: 0.5}
  m_AnchorMax: {x: 0.5, y: 0.5}
  m_AnchoredPosition: {x: 39, y: 82}
  m_SizeDelta: {x: 100, y: 100}
  m_Pivot: {x: 0.5, y: 0.5}
--- !u!114 &2069500334
MonoBehaviour:
  m_ObjectHideFlags: 0
  m_PrefabParentObject: {fileID: 11497378, guid: 16c3dda0d49785c4ca8f8ead1a387d0f,
    type: 2}
  m_PrefabInternal: {fileID: 1699295446}
  m_GameObject: {fileID: 2069500332}
  m_Enabled: 1
  m_EditorHideFlags: 0
  m_Script: {fileID: -765806418, guid: f5f67c52d1564df4a8936ccd202a3bd8, type: 3}
  m_Name: 
  m_EditorClassIdentifier: 
  m_Material: {fileID: 0}
  m_Color: {r: 0.49803922, g: 0.6392157, b: 0.6313726, a: 1}
  m_RaycastTarget: 1
  m_OnCullStateChanged:
    m_PersistentCalls:
      m_Calls: []
    m_TypeName: UnityEngine.UI.MaskableGraphic+CullStateChangedEvent, UnityEngine.UI,
      Version=1.0.0.0, Culture=neutral, PublicKeyToken=null
  m_Sprite: {fileID: 21300000, guid: 7ed1238760b863f4aafde32ab3a6f28c, type: 3}
  m_Type: 1
  m_PreserveAspect: 0
  m_FillCenter: 1
  m_FillMethod: 4
  m_FillAmount: 1
  m_FillClockwise: 1
  m_FillOrigin: 0
--- !u!222 &2069500335
CanvasRenderer:
  m_ObjectHideFlags: 0
  m_PrefabParentObject: {fileID: 22297386, guid: 16c3dda0d49785c4ca8f8ead1a387d0f,
    type: 2}
  m_PrefabInternal: {fileID: 1699295446}
  m_GameObject: {fileID: 2069500332}
--- !u!1 &2110117122
GameObject:
  m_ObjectHideFlags: 0
  m_PrefabParentObject: {fileID: 197364, guid: 16c3dda0d49785c4ca8f8ead1a387d0f, type: 2}
  m_PrefabInternal: {fileID: 1699295446}
  serializedVersion: 4
  m_Component:
  - 224: {fileID: 2110117123}
  - 222: {fileID: 2110117125}
  - 114: {fileID: 2110117124}
  m_Layer: 5
  m_Name: Element
  m_TagString: Untagged
  m_Icon: {fileID: 0}
  m_NavMeshLayer: 0
  m_StaticEditorFlags: 0
  m_IsActive: 1
--- !u!224 &2110117123
RectTransform:
  m_ObjectHideFlags: 0
  m_PrefabParentObject: {fileID: 22497364, guid: 16c3dda0d49785c4ca8f8ead1a387d0f,
    type: 2}
  m_PrefabInternal: {fileID: 1699295446}
  m_GameObject: {fileID: 2110117122}
  m_LocalRotation: {x: 0, y: 0, z: 0, w: 1}
  m_LocalPosition: {x: 0, y: 0, z: 0}
  m_LocalScale: {x: 1, y: 1, z: 1}
  m_LocalEulerAnglesHint: {x: 0, y: 0, z: 0}
  m_Children: []
  m_Father: {fileID: 1494380778}
  m_RootOrder: 5
  m_AnchorMin: {x: 0.5, y: 0.5}
  m_AnchorMax: {x: 0.5, y: 0.5}
  m_AnchoredPosition: {x: -261, y: -318}
  m_SizeDelta: {x: 100, y: 100}
  m_Pivot: {x: 0.5, y: 0.5}
--- !u!114 &2110117124
MonoBehaviour:
  m_ObjectHideFlags: 0
  m_PrefabParentObject: {fileID: 11497354, guid: 16c3dda0d49785c4ca8f8ead1a387d0f,
    type: 2}
  m_PrefabInternal: {fileID: 1699295446}
  m_GameObject: {fileID: 2110117122}
  m_Enabled: 1
  m_EditorHideFlags: 0
  m_Script: {fileID: -765806418, guid: f5f67c52d1564df4a8936ccd202a3bd8, type: 3}
  m_Name: 
  m_EditorClassIdentifier: 
  m_Material: {fileID: 0}
  m_Color: {r: 0.81960785, g: 0.67058825, b: 0.40784314, a: 1}
  m_RaycastTarget: 1
  m_OnCullStateChanged:
    m_PersistentCalls:
      m_Calls: []
    m_TypeName: UnityEngine.UI.MaskableGraphic+CullStateChangedEvent, UnityEngine.UI,
      Version=1.0.0.0, Culture=neutral, PublicKeyToken=null
  m_Sprite: {fileID: 21300000, guid: 7ed1238760b863f4aafde32ab3a6f28c, type: 3}
  m_Type: 1
  m_PreserveAspect: 0
  m_FillCenter: 1
  m_FillMethod: 4
  m_FillAmount: 1
  m_FillClockwise: 1
  m_FillOrigin: 0
--- !u!222 &2110117125
CanvasRenderer:
  m_ObjectHideFlags: 0
  m_PrefabParentObject: {fileID: 22297366, guid: 16c3dda0d49785c4ca8f8ead1a387d0f,
    type: 2}
  m_PrefabInternal: {fileID: 1699295446}
  m_GameObject: {fileID: 2110117122}
--- !u!1 &2115362593
GameObject:
  m_ObjectHideFlags: 0
  m_PrefabParentObject: {fileID: 197362, guid: 16c3dda0d49785c4ca8f8ead1a387d0f, type: 2}
  m_PrefabInternal: {fileID: 1699295446}
  serializedVersion: 4
  m_Component:
  - 224: {fileID: 2115362594}
  - 222: {fileID: 2115362596}
  - 114: {fileID: 2115362595}
  m_Layer: 5
  m_Name: Element
  m_TagString: Untagged
  m_Icon: {fileID: 0}
  m_NavMeshLayer: 0
  m_StaticEditorFlags: 0
  m_IsActive: 1
--- !u!224 &2115362594
RectTransform:
  m_ObjectHideFlags: 0
  m_PrefabParentObject: {fileID: 22497362, guid: 16c3dda0d49785c4ca8f8ead1a387d0f,
    type: 2}
  m_PrefabInternal: {fileID: 1699295446}
  m_GameObject: {fileID: 2115362593}
  m_LocalRotation: {x: 0, y: 0, z: 0, w: 1}
  m_LocalPosition: {x: 0, y: 0, z: 0}
  m_LocalScale: {x: 1, y: 1, z: 1}
  m_LocalEulerAnglesHint: {x: 0, y: 0, z: 0}
  m_Children: []
  m_Father: {fileID: 1494380778}
  m_RootOrder: 13
  m_AnchorMin: {x: 0.5, y: 0.5}
  m_AnchorMax: {x: 0.5, y: 0.5}
  m_AnchoredPosition: {x: -161, y: -218}
  m_SizeDelta: {x: 100, y: 100}
  m_Pivot: {x: 0.5, y: 0.5}
--- !u!114 &2115362595
MonoBehaviour:
  m_ObjectHideFlags: 0
  m_PrefabParentObject: {fileID: 11497352, guid: 16c3dda0d49785c4ca8f8ead1a387d0f,
    type: 2}
  m_PrefabInternal: {fileID: 1699295446}
  m_GameObject: {fileID: 2115362593}
  m_Enabled: 1
  m_EditorHideFlags: 0
  m_Script: {fileID: -765806418, guid: f5f67c52d1564df4a8936ccd202a3bd8, type: 3}
  m_Name: 
  m_EditorClassIdentifier: 
  m_Material: {fileID: 0}
  m_Color: {r: 0.8627451, g: 0.45882353, b: 0.3647059, a: 1}
  m_RaycastTarget: 1
  m_OnCullStateChanged:
    m_PersistentCalls:
      m_Calls: []
    m_TypeName: UnityEngine.UI.MaskableGraphic+CullStateChangedEvent, UnityEngine.UI,
      Version=1.0.0.0, Culture=neutral, PublicKeyToken=null
  m_Sprite: {fileID: 21300000, guid: 7ed1238760b863f4aafde32ab3a6f28c, type: 3}
  m_Type: 1
  m_PreserveAspect: 0
  m_FillCenter: 1
  m_FillMethod: 4
  m_FillAmount: 1
  m_FillClockwise: 1
  m_FillOrigin: 0
--- !u!222 &2115362596
CanvasRenderer:
  m_ObjectHideFlags: 0
  m_PrefabParentObject: {fileID: 22297364, guid: 16c3dda0d49785c4ca8f8ead1a387d0f,
    type: 2}
  m_PrefabInternal: {fileID: 1699295446}
  m_GameObject: {fileID: 2115362593}
