%YAML 1.1
%TAG !u! tag:unity3d.com,2011:
--- !u!29 &1
SceneSettings:
  m_ObjectHideFlags: 0
  m_PVSData: 
  m_PVSObjectsArray: []
  m_PVSPortalsArray: []
  m_OcclusionBakeSettings:
    smallestOccluder: 5
    smallestHole: 0.25
    backfaceThreshold: 100
--- !u!104 &2
RenderSettings:
  m_ObjectHideFlags: 0
  serializedVersion: 7
  m_Fog: 0
  m_FogColor: {r: 0.5, g: 0.5, b: 0.5, a: 1}
  m_FogMode: 3
  m_FogDensity: 0.01
  m_LinearFogStart: 0
  m_LinearFogEnd: 300
  m_AmbientSkyColor: {r: 0.212, g: 0.227, b: 0.259, a: 1}
  m_AmbientEquatorColor: {r: 0.114, g: 0.125, b: 0.133, a: 1}
  m_AmbientGroundColor: {r: 0.047, g: 0.043, b: 0.035, a: 1}
  m_AmbientIntensity: 1
  m_AmbientMode: 0
  m_SkyboxMaterial: {fileID: 10304, guid: 0000000000000000f000000000000000, type: 0}
  m_HaloStrength: 0.5
  m_FlareStrength: 1
  m_FlareFadeSpeed: 3
  m_HaloTexture: {fileID: 0}
  m_SpotCookie: {fileID: 10001, guid: 0000000000000000e000000000000000, type: 0}
  m_DefaultReflectionMode: 0
  m_DefaultReflectionResolution: 128
  m_ReflectionBounces: 1
  m_ReflectionIntensity: 1
  m_CustomReflection: {fileID: 0}
  m_Sun: {fileID: 0}
  m_IndirectSpecularColor: {r: 0, g: 0, b: 0, a: 1}
--- !u!157 &4
LightmapSettings:
  m_ObjectHideFlags: 0
  serializedVersion: 7
  m_GIWorkflowMode: 0
  m_GISettings:
    serializedVersion: 2
    m_BounceScale: 1
    m_IndirectOutputScale: 1
    m_AlbedoBoost: 1
    m_TemporalCoherenceThreshold: 1
    m_EnvironmentLightingMode: 0
    m_EnableBakedLightmaps: 1
    m_EnableRealtimeLightmaps: 1
  m_LightmapEditorSettings:
    serializedVersion: 4
    m_Resolution: 2
    m_BakeResolution: 40
    m_TextureWidth: 1024
    m_TextureHeight: 1024
    m_AO: 0
    m_AOMaxDistance: 1
    m_CompAOExponent: 0
    m_CompAOExponentDirect: 0
    m_Padding: 2
    m_LightmapParameters: {fileID: 0}
    m_LightmapsBakeMode: 1
    m_TextureCompression: 1
    m_DirectLightInLightProbes: 1
    m_FinalGather: 0
    m_FinalGatherFiltering: 1
    m_FinalGatherRayCount: 1024
    m_ReflectionCompression: 2
  m_LightingDataAsset: {fileID: 0}
  m_RuntimeCPUUsage: 25
--- !u!196 &5
NavMeshSettings:
  serializedVersion: 2
  m_ObjectHideFlags: 0
  m_BuildSettings:
    serializedVersion: 2
    agentRadius: 0.5
    agentHeight: 2
    agentSlope: 45
    agentClimb: 0.4
    ledgeDropHeight: 0
    maxJumpAcrossDistance: 0
    accuratePlacement: 0
    minRegionArea: 2
    cellSize: 0.16666667
    manualCellSize: 0
  m_NavMeshData: {fileID: 0}
--- !u!1 &93980217
GameObject:
  m_ObjectHideFlags: 0
  m_PrefabParentObject: {fileID: 171984, guid: baab77648ed7c62499da8778e75bb03f, type: 2}
  m_PrefabInternal: {fileID: 557927108}
  serializedVersion: 4
  m_Component:
  - 224: {fileID: 93980218}
  - 222: {fileID: 93980220}
  - 114: {fileID: 93980219}
  m_Layer: 5
  m_Name: Text
  m_TagString: Untagged
  m_Icon: {fileID: 0}
  m_NavMeshLayer: 0
  m_StaticEditorFlags: 0
  m_IsActive: 1
--- !u!224 &93980218
RectTransform:
  m_ObjectHideFlags: 0
  m_PrefabParentObject: {fileID: 22416638, guid: baab77648ed7c62499da8778e75bb03f,
    type: 2}
  m_PrefabInternal: {fileID: 557927108}
  m_GameObject: {fileID: 93980217}
  m_LocalRotation: {x: 0, y: 0, z: 0, w: 1}
  m_LocalPosition: {x: 0, y: 0, z: 0}
  m_LocalScale: {x: 1, y: 1, z: 1}
  m_LocalEulerAnglesHint: {x: 0, y: 0, z: 0}
  m_Children: []
  m_Father: {fileID: 633461185}
  m_RootOrder: 0
  m_AnchorMin: {x: 0.5, y: 0.5}
  m_AnchorMax: {x: 0.5, y: 0.5}
  m_AnchoredPosition: {x: 0, y: 0}
  m_SizeDelta: {x: 277, y: 73}
  m_Pivot: {x: 0.5, y: 0.5}
--- !u!114 &93980219
MonoBehaviour:
  m_ObjectHideFlags: 0
  m_PrefabParentObject: {fileID: 11416518, guid: baab77648ed7c62499da8778e75bb03f,
    type: 2}
  m_PrefabInternal: {fileID: 557927108}
  m_GameObject: {fileID: 93980217}
  m_Enabled: 1
  m_EditorHideFlags: 0
  m_Script: {fileID: 708705254, guid: f5f67c52d1564df4a8936ccd202a3bd8, type: 3}
  m_Name: 
  m_EditorClassIdentifier: 
  m_Material: {fileID: 0}
  m_Color: {r: 0.36078432, g: 0.36078432, b: 0.36078432, a: 1}
  m_RaycastTarget: 1
  m_OnCullStateChanged:
    m_PersistentCalls:
      m_Calls: []
    m_TypeName: UnityEngine.UI.MaskableGraphic+CullStateChangedEvent, UnityEngine.UI,
      Version=1.0.0.0, Culture=neutral, PublicKeyToken=null
  m_FontData:
    m_Font: {fileID: 12800000, guid: 7dfc2e1472ac84e1bb749a8a9f934483, type: 3}
    m_FontSize: 35
    m_FontStyle: 0
    m_BestFit: 0
    m_MinSize: 10
    m_MaxSize: 40
    m_Alignment: 4
    m_AlignByGeometry: 0
    m_RichText: 1
    m_HorizontalOverflow: 0
    m_VerticalOverflow: 0
    m_LineSpacing: 1
  m_Text: HOURS
--- !u!222 &93980220
CanvasRenderer:
  m_ObjectHideFlags: 0
  m_PrefabParentObject: {fileID: 22231976, guid: baab77648ed7c62499da8778e75bb03f,
    type: 2}
  m_PrefabInternal: {fileID: 557927108}
  m_GameObject: {fileID: 93980217}
--- !u!1 &382905171
GameObject:
  m_ObjectHideFlags: 0
  m_PrefabParentObject: {fileID: 135632, guid: baab77648ed7c62499da8778e75bb03f, type: 2}
  m_PrefabInternal: {fileID: 557927108}
  serializedVersion: 4
  m_Component:
  - 224: {fileID: 382905172}
  - 222: {fileID: 382905175}
  - 114: {fileID: 382905174}
  - 114: {fileID: 382905173}
  m_Layer: 5
  m_Name: Button
  m_TagString: Untagged
  m_Icon: {fileID: 0}
  m_NavMeshLayer: 0
  m_StaticEditorFlags: 0
  m_IsActive: 1
--- !u!224 &382905172
RectTransform:
  m_ObjectHideFlags: 0
  m_PrefabParentObject: {fileID: 22407294, guid: baab77648ed7c62499da8778e75bb03f,
    type: 2}
  m_PrefabInternal: {fileID: 557927108}
  m_GameObject: {fileID: 382905171}
  m_LocalRotation: {x: 0, y: 0, z: 0, w: 1}
  m_LocalPosition: {x: 0, y: 0, z: 0}
  m_LocalScale: {x: 1, y: 1, z: 1}
  m_LocalEulerAnglesHint: {x: 0, y: 0, z: 0}
  m_Children: []
  m_Father: {fileID: 1905657487}
  m_RootOrder: 0
  m_AnchorMin: {x: 0.5, y: 0.5}
  m_AnchorMax: {x: 0.5, y: 0.5}
  m_AnchoredPosition: {x: -813, y: 787}
  m_SizeDelta: {x: 94, y: 24}
  m_Pivot: {x: 0.5, y: 0.5}
--- !u!114 &382905173
MonoBehaviour:
  m_ObjectHideFlags: 0
  m_PrefabParentObject: {fileID: 11415358, guid: baab77648ed7c62499da8778e75bb03f,
    type: 2}
  m_PrefabInternal: {fileID: 557927108}
  m_GameObject: {fileID: 382905171}
  m_Enabled: 1
  m_EditorHideFlags: 0
  m_Script: {fileID: 1392445389, guid: f5f67c52d1564df4a8936ccd202a3bd8, type: 3}
  m_Name: 
  m_EditorClassIdentifier: 
  m_Navigation:
    m_Mode: 3
    m_SelectOnUp: {fileID: 0}
    m_SelectOnDown: {fileID: 0}
    m_SelectOnLeft: {fileID: 0}
    m_SelectOnRight: {fileID: 0}
  m_Transition: 1
  m_Colors:
    m_NormalColor: {r: 1, g: 1, b: 1, a: 1}
    m_HighlightedColor: {r: 0.9607843, g: 0.9607843, b: 0.9607843, a: 1}
    m_PressedColor: {r: 0.78431374, g: 0.78431374, b: 0.78431374, a: 1}
    m_DisabledColor: {r: 0.78431374, g: 0.78431374, b: 0.78431374, a: 0.5019608}
    m_ColorMultiplier: 1
    m_FadeDuration: 0.1
  m_SpriteState:
    m_HighlightedSprite: {fileID: 0}
    m_PressedSprite: {fileID: 0}
    m_DisabledSprite: {fileID: 0}
  m_AnimationTriggers:
    m_NormalTrigger: Normal
    m_HighlightedTrigger: Highlighted
    m_PressedTrigger: Pressed
    m_DisabledTrigger: Disabled
  m_Interactable: 1
  m_TargetGraphic: {fileID: 382905174}
  m_OnClick:
    m_PersistentCalls:
      m_Calls: []
    m_TypeName: UnityEngine.UI.Button+ButtonClickedEvent, UnityEngine.UI, Version=1.0.0.0,
      Culture=neutral, PublicKeyToken=null
--- !u!114 &382905174
MonoBehaviour:
  m_ObjectHideFlags: 0
  m_PrefabParentObject: {fileID: 11457164, guid: baab77648ed7c62499da8778e75bb03f,
    type: 2}
  m_PrefabInternal: {fileID: 557927108}
  m_GameObject: {fileID: 382905171}
  m_Enabled: 1
  m_EditorHideFlags: 0
  m_Script: {fileID: -765806418, guid: f5f67c52d1564df4a8936ccd202a3bd8, type: 3}
  m_Name: 
  m_EditorClassIdentifier: 
  m_Material: {fileID: 0}
  m_Color: {r: 0.94509804, g: 0.9254902, b: 0.8745098, a: 1}
  m_RaycastTarget: 1
  m_OnCullStateChanged:
    m_PersistentCalls:
      m_Calls: []
    m_TypeName: UnityEngine.UI.MaskableGraphic+CullStateChangedEvent, UnityEngine.UI,
      Version=1.0.0.0, Culture=neutral, PublicKeyToken=null
  m_Sprite: {fileID: 21300000, guid: c115c1e6147bc1442a3f57e1c0d1406e, type: 3}
  m_Type: 0
  m_PreserveAspect: 0
  m_FillCenter: 1
  m_FillMethod: 4
  m_FillAmount: 1
  m_FillClockwise: 1
  m_FillOrigin: 0
--- !u!222 &382905175
CanvasRenderer:
  m_ObjectHideFlags: 0
  m_PrefabParentObject: {fileID: 22233668, guid: baab77648ed7c62499da8778e75bb03f,
    type: 2}
  m_PrefabInternal: {fileID: 557927108}
  m_GameObject: {fileID: 382905171}
--- !u!1 &423224266
GameObject:
  m_ObjectHideFlags: 0
  m_PrefabParentObject: {fileID: 191730, guid: baab77648ed7c62499da8778e75bb03f, type: 2}
  m_PrefabInternal: {fileID: 557927108}
  serializedVersion: 4
  m_Component:
  - 224: {fileID: 423224267}
  - 222: {fileID: 423224269}
  - 114: {fileID: 423224268}
  m_Layer: 5
  m_Name: Text
  m_TagString: Untagged
  m_Icon: {fileID: 0}
  m_NavMeshLayer: 0
  m_StaticEditorFlags: 0
  m_IsActive: 1
--- !u!224 &423224267
RectTransform:
  m_ObjectHideFlags: 0
  m_PrefabParentObject: {fileID: 22493668, guid: baab77648ed7c62499da8778e75bb03f,
    type: 2}
  m_PrefabInternal: {fileID: 557927108}
  m_GameObject: {fileID: 423224266}
  m_LocalRotation: {x: 0, y: 0, z: 0, w: 1}
  m_LocalPosition: {x: 0, y: 0, z: 0}
  m_LocalScale: {x: 1, y: 1, z: 1}
  m_LocalEulerAnglesHint: {x: 0, y: 0, z: 0}
  m_Children: []
  m_Father: {fileID: 1188877551}
  m_RootOrder: 0
  m_AnchorMin: {x: 0.5, y: 0.5}
  m_AnchorMax: {x: 0.5, y: 0.5}
  m_AnchoredPosition: {x: 0, y: 0}
  m_SizeDelta: {x: 277, y: 73}
  m_Pivot: {x: 0.5, y: 0.5}
--- !u!114 &423224268
MonoBehaviour:
  m_ObjectHideFlags: 0
  m_PrefabParentObject: {fileID: 11479918, guid: baab77648ed7c62499da8778e75bb03f,
    type: 2}
  m_PrefabInternal: {fileID: 557927108}
  m_GameObject: {fileID: 423224266}
  m_Enabled: 1
  m_EditorHideFlags: 0
  m_Script: {fileID: 708705254, guid: f5f67c52d1564df4a8936ccd202a3bd8, type: 3}
  m_Name: 
  m_EditorClassIdentifier: 
  m_Material: {fileID: 0}
  m_Color: {r: 0.36078432, g: 0.36078432, b: 0.36078432, a: 1}
  m_RaycastTarget: 1
  m_OnCullStateChanged:
    m_PersistentCalls:
      m_Calls: []
    m_TypeName: UnityEngine.UI.MaskableGraphic+CullStateChangedEvent, UnityEngine.UI,
      Version=1.0.0.0, Culture=neutral, PublicKeyToken=null
  m_FontData:
    m_Font: {fileID: 12800000, guid: 7dfc2e1472ac84e1bb749a8a9f934483, type: 3}
    m_FontSize: 35
    m_FontStyle: 0
    m_BestFit: 0
    m_MinSize: 10
    m_MaxSize: 40
    m_Alignment: 4
    m_AlignByGeometry: 0
    m_RichText: 1
    m_HorizontalOverflow: 0
    m_VerticalOverflow: 0
    m_LineSpacing: 1
  m_Text: SECONDS
--- !u!222 &423224269
CanvasRenderer:
  m_ObjectHideFlags: 0
  m_PrefabParentObject: {fileID: 22200454, guid: baab77648ed7c62499da8778e75bb03f,
    type: 2}
  m_PrefabInternal: {fileID: 557927108}
  m_GameObject: {fileID: 423224266}
--- !u!1001 &557927108
Prefab:
  m_ObjectHideFlags: 0
  serializedVersion: 2
  m_Modification:
    m_TransformParent: {fileID: 0}
    m_Modifications:
    - target: {fileID: 22433164, guid: baab77648ed7c62499da8778e75bb03f, type: 2}
      propertyPath: m_LocalPosition.x
      value: 0
      objectReference: {fileID: 0}
    - target: {fileID: 22433164, guid: baab77648ed7c62499da8778e75bb03f, type: 2}
      propertyPath: m_LocalPosition.y
      value: 0
      objectReference: {fileID: 0}
    - target: {fileID: 22433164, guid: baab77648ed7c62499da8778e75bb03f, type: 2}
      propertyPath: m_LocalPosition.z
      value: 0
      objectReference: {fileID: 0}
    - target: {fileID: 22433164, guid: baab77648ed7c62499da8778e75bb03f, type: 2}
      propertyPath: m_LocalRotation.x
      value: 0
      objectReference: {fileID: 0}
    - target: {fileID: 22433164, guid: baab77648ed7c62499da8778e75bb03f, type: 2}
      propertyPath: m_LocalRotation.y
      value: 0
      objectReference: {fileID: 0}
    - target: {fileID: 22433164, guid: baab77648ed7c62499da8778e75bb03f, type: 2}
      propertyPath: m_LocalRotation.z
      value: 0
      objectReference: {fileID: 0}
    - target: {fileID: 22433164, guid: baab77648ed7c62499da8778e75bb03f, type: 2}
      propertyPath: m_LocalRotation.w
      value: 1
      objectReference: {fileID: 0}
    - target: {fileID: 22433164, guid: baab77648ed7c62499da8778e75bb03f, type: 2}
      propertyPath: m_RootOrder
      value: 0
      objectReference: {fileID: 0}
    - target: {fileID: 22433164, guid: baab77648ed7c62499da8778e75bb03f, type: 2}
      propertyPath: m_AnchoredPosition.x
      value: 0
      objectReference: {fileID: 0}
    - target: {fileID: 22433164, guid: baab77648ed7c62499da8778e75bb03f, type: 2}
      propertyPath: m_AnchoredPosition.y
      value: 0
      objectReference: {fileID: 0}
    - target: {fileID: 22433164, guid: baab77648ed7c62499da8778e75bb03f, type: 2}
      propertyPath: m_SizeDelta.x
      value: 0
      objectReference: {fileID: 0}
    - target: {fileID: 22433164, guid: baab77648ed7c62499da8778e75bb03f, type: 2}
      propertyPath: m_SizeDelta.y
      value: 0
      objectReference: {fileID: 0}
    - target: {fileID: 22433164, guid: baab77648ed7c62499da8778e75bb03f, type: 2}
      propertyPath: m_AnchorMin.x
      value: 0
      objectReference: {fileID: 0}
    - target: {fileID: 22433164, guid: baab77648ed7c62499da8778e75bb03f, type: 2}
      propertyPath: m_AnchorMin.y
      value: 0
      objectReference: {fileID: 0}
    - target: {fileID: 22433164, guid: baab77648ed7c62499da8778e75bb03f, type: 2}
      propertyPath: m_AnchorMax.x
      value: 0
      objectReference: {fileID: 0}
    - target: {fileID: 22433164, guid: baab77648ed7c62499da8778e75bb03f, type: 2}
      propertyPath: m_AnchorMax.y
      value: 0
      objectReference: {fileID: 0}
    - target: {fileID: 22433164, guid: baab77648ed7c62499da8778e75bb03f, type: 2}
      propertyPath: m_Pivot.x
      value: 0
      objectReference: {fileID: 0}
    - target: {fileID: 22433164, guid: baab77648ed7c62499da8778e75bb03f, type: 2}
      propertyPath: m_Pivot.y
      value: 0
      objectReference: {fileID: 0}
    m_RemovedComponents: []
  m_ParentPrefab: {fileID: 100100000, guid: baab77648ed7c62499da8778e75bb03f, type: 2}
  m_RootGameObject: {fileID: 738717381}
  m_IsPrefabParent: 0
--- !u!1 &593358298
GameObject:
  m_ObjectHideFlags: 0
  m_PrefabParentObject: {fileID: 176060, guid: baab77648ed7c62499da8778e75bb03f, type: 2}
  m_PrefabInternal: {fileID: 557927108}
  serializedVersion: 4
  m_Component:
  - 224: {fileID: 593358299}
  - 222: {fileID: 593358301}
  - 114: {fileID: 593358300}
  m_Layer: 5
  m_Name: Image
  m_TagString: Untagged
  m_Icon: {fileID: 0}
  m_NavMeshLayer: 0
  m_StaticEditorFlags: 0
  m_IsActive: 1
--- !u!224 &593358299
RectTransform:
  m_ObjectHideFlags: 0
  m_PrefabParentObject: {fileID: 22466236, guid: baab77648ed7c62499da8778e75bb03f,
    type: 2}
  m_PrefabInternal: {fileID: 557927108}
  m_GameObject: {fileID: 593358298}
  m_LocalRotation: {x: 0, y: 0, z: 0, w: 1}
  m_LocalPosition: {x: 0, y: 0, z: 0}
  m_LocalScale: {x: 1, y: 1, z: 1}
  m_LocalEulerAnglesHint: {x: 0, y: 0, z: 0}
  m_Children:
  - {fileID: 754459273}
  m_Father: {fileID: 805749202}
  m_RootOrder: 2
  m_AnchorMin: {x: 0.5, y: 0.5}
  m_AnchorMax: {x: 0.5, y: 0.5}
  m_AnchoredPosition: {x: 3.5996, y: 127.7}
  m_SizeDelta: {x: 63, y: 63}
  m_Pivot: {x: 0.5, y: 0.5}
--- !u!114 &593358300
MonoBehaviour:
  m_ObjectHideFlags: 0
  m_PrefabParentObject: {fileID: 11481066, guid: baab77648ed7c62499da8778e75bb03f,
    type: 2}
  m_PrefabInternal: {fileID: 557927108}
  m_GameObject: {fileID: 593358298}
  m_Enabled: 1
  m_EditorHideFlags: 0
  m_Script: {fileID: -765806418, guid: f5f67c52d1564df4a8936ccd202a3bd8, type: 3}
  m_Name: 
  m_EditorClassIdentifier: 
  m_Material: {fileID: 0}
  m_Color: {r: 0.36078432, g: 0.36078432, b: 0.36078432, a: 1}
  m_RaycastTarget: 1
  m_OnCullStateChanged:
    m_PersistentCalls:
      m_Calls: []
    m_TypeName: UnityEngine.UI.MaskableGraphic+CullStateChangedEvent, UnityEngine.UI,
      Version=1.0.0.0, Culture=neutral, PublicKeyToken=null
  m_Sprite: {fileID: 21300000, guid: 5edfdb1318310614985b8de7ab9b784c, type: 3}
  m_Type: 0
  m_PreserveAspect: 0
  m_FillCenter: 1
  m_FillMethod: 4
  m_FillAmount: 1
  m_FillClockwise: 1
  m_FillOrigin: 0
--- !u!222 &593358301
CanvasRenderer:
  m_ObjectHideFlags: 0
  m_PrefabParentObject: {fileID: 22293454, guid: baab77648ed7c62499da8778e75bb03f,
    type: 2}
  m_PrefabInternal: {fileID: 557927108}
  m_GameObject: {fileID: 593358298}
--- !u!1 &633461184
GameObject:
  m_ObjectHideFlags: 0
  m_PrefabParentObject: {fileID: 154748, guid: baab77648ed7c62499da8778e75bb03f, type: 2}
  m_PrefabInternal: {fileID: 557927108}
  serializedVersion: 4
  m_Component:
  - 224: {fileID: 633461185}
  - 222: {fileID: 633461187}
  - 114: {fileID: 633461186}
  m_Layer: 5
  m_Name: Image
  m_TagString: Untagged
  m_Icon: {fileID: 0}
  m_NavMeshLayer: 0
  m_StaticEditorFlags: 0
  m_IsActive: 1
--- !u!224 &633461185
RectTransform:
  m_ObjectHideFlags: 0
  m_PrefabParentObject: {fileID: 22493446, guid: baab77648ed7c62499da8778e75bb03f,
    type: 2}
  m_PrefabInternal: {fileID: 557927108}
  m_GameObject: {fileID: 633461184}
  m_LocalRotation: {x: 0, y: 0, z: 0, w: 1}
  m_LocalPosition: {x: 0, y: 0, z: 0}
  m_LocalScale: {x: 1, y: 1, z: 1}
  m_LocalEulerAnglesHint: {x: 0, y: 0, z: 0}
  m_Children:
  - {fileID: 93980218}
  m_Father: {fileID: 1905657487}
  m_RootOrder: 3
  m_AnchorMin: {x: 0.5, y: 0.5}
  m_AnchorMax: {x: 0.5, y: 0.5}
  m_AnchoredPosition: {x: 0, y: -50}
  m_SizeDelta: {x: 414, y: 67}
  m_Pivot: {x: 0.5, y: 0.5}
--- !u!114 &633461186
MonoBehaviour:
  m_ObjectHideFlags: 0
  m_PrefabParentObject: {fileID: 11461134, guid: baab77648ed7c62499da8778e75bb03f,
    type: 2}
  m_PrefabInternal: {fileID: 557927108}
  m_GameObject: {fileID: 633461184}
  m_Enabled: 1
  m_EditorHideFlags: 0
  m_Script: {fileID: -765806418, guid: f5f67c52d1564df4a8936ccd202a3bd8, type: 3}
  m_Name: 
  m_EditorClassIdentifier: 
  m_Material: {fileID: 0}
  m_Color: {r: 0.9607843, g: 0.3647059, b: 0.39607844, a: 1}
  m_RaycastTarget: 1
  m_OnCullStateChanged:
    m_PersistentCalls:
      m_Calls: []
    m_TypeName: UnityEngine.UI.MaskableGraphic+CullStateChangedEvent, UnityEngine.UI,
      Version=1.0.0.0, Culture=neutral, PublicKeyToken=null
  m_Sprite: {fileID: 21300000, guid: 7ed1238760b863f4aafde32ab3a6f28c, type: 3}
  m_Type: 1
  m_PreserveAspect: 0
  m_FillCenter: 1
  m_FillMethod: 4
  m_FillAmount: 1
  m_FillClockwise: 1
  m_FillOrigin: 0
--- !u!222 &633461187
CanvasRenderer:
  m_ObjectHideFlags: 0
  m_PrefabParentObject: {fileID: 22277618, guid: baab77648ed7c62499da8778e75bb03f,
    type: 2}
  m_PrefabInternal: {fileID: 557927108}
  m_GameObject: {fileID: 633461184}
--- !u!1 &738717381
GameObject:
  m_ObjectHideFlags: 0
  m_PrefabParentObject: {fileID: 176718, guid: baab77648ed7c62499da8778e75bb03f, type: 2}
  m_PrefabInternal: {fileID: 557927108}
  serializedVersion: 4
  m_Component:
  - 224: {fileID: 738717385}
  - 223: {fileID: 738717384}
  - 114: {fileID: 738717383}
  - 114: {fileID: 738717382}
  m_Layer: 5
  m_Name: DayClock
  m_TagString: Untagged
  m_Icon: {fileID: 0}
  m_NavMeshLayer: 0
  m_StaticEditorFlags: 0
  m_IsActive: 1
--- !u!114 &738717382
MonoBehaviour:
  m_ObjectHideFlags: 0
  m_PrefabParentObject: {fileID: 11436218, guid: baab77648ed7c62499da8778e75bb03f,
    type: 2}
  m_PrefabInternal: {fileID: 557927108}
  m_GameObject: {fileID: 738717381}
  m_Enabled: 1
  m_EditorHideFlags: 0
  m_Script: {fileID: 1301386320, guid: f5f67c52d1564df4a8936ccd202a3bd8, type: 3}
  m_Name: 
  m_EditorClassIdentifier: 
  m_IgnoreReversedGraphics: 1
  m_BlockingObjects: 0
  m_BlockingMask:
    serializedVersion: 2
    m_Bits: 4294967295
--- !u!114 &738717383
MonoBehaviour:
  m_ObjectHideFlags: 0
  m_PrefabParentObject: {fileID: 11403998, guid: baab77648ed7c62499da8778e75bb03f,
    type: 2}
  m_PrefabInternal: {fileID: 557927108}
  m_GameObject: {fileID: 738717381}
  m_Enabled: 1
  m_EditorHideFlags: 0
  m_Script: {fileID: 1980459831, guid: f5f67c52d1564df4a8936ccd202a3bd8, type: 3}
  m_Name: 
  m_EditorClassIdentifier: 
  m_UiScaleMode: 1
  m_ReferencePixelsPerUnit: 100
  m_ScaleFactor: 1
  m_ReferenceResolution: {x: 1920, y: 1080}
  m_ScreenMatchMode: 0
  m_MatchWidthOrHeight: 0
  m_PhysicalUnit: 3
  m_FallbackScreenDPI: 96
  m_DefaultSpriteDPI: 96
  m_DynamicPixelsPerUnit: 1
--- !u!223 &738717384
Canvas:
  m_ObjectHideFlags: 0
  m_PrefabParentObject: {fileID: 22308062, guid: baab77648ed7c62499da8778e75bb03f,
    type: 2}
  m_PrefabInternal: {fileID: 557927108}
  m_GameObject: {fileID: 738717381}
  m_Enabled: 1
  serializedVersion: 2
  m_RenderMode: 0
  m_Camera: {fileID: 0}
  m_PlaneDistance: 100
  m_PixelPerfect: 1
  m_ReceivesEvents: 1
  m_OverrideSorting: 0
  m_OverridePixelPerfect: 0
  m_SortingBucketNormalizedSize: 0
  m_SortingLayerID: 0
  m_SortingOrder: 0
  m_TargetDisplay: 0
--- !u!224 &738717385
RectTransform:
  m_ObjectHideFlags: 0
  m_PrefabParentObject: {fileID: 22433164, guid: baab77648ed7c62499da8778e75bb03f,
    type: 2}
  m_PrefabInternal: {fileID: 557927108}
  m_GameObject: {fileID: 738717381}
  m_LocalRotation: {x: 0, y: 0, z: 0, w: 1}
  m_LocalPosition: {x: 0, y: 0, z: 0}
  m_LocalScale: {x: 0, y: 0, z: 0}
  m_LocalEulerAnglesHint: {x: 0, y: 0, z: 0}
  m_Children:
  - {fileID: 1167756953}
  - {fileID: 1905657487}
  m_Father: {fileID: 0}
  m_RootOrder: 0
  m_AnchorMin: {x: 0, y: 0}
  m_AnchorMax: {x: 0, y: 0}
  m_AnchoredPosition: {x: 0, y: 0}
  m_SizeDelta: {x: 0, y: 0}
  m_Pivot: {x: 0, y: 0}
--- !u!1 &754459272
GameObject:
  m_ObjectHideFlags: 0
  m_PrefabParentObject: {fileID: 147468, guid: baab77648ed7c62499da8778e75bb03f, type: 2}
  m_PrefabInternal: {fileID: 557927108}
  serializedVersion: 4
  m_Component:
  - 224: {fileID: 754459273}
  - 222: {fileID: 754459275}
  - 114: {fileID: 754459274}
  m_Layer: 5
  m_Name: Image
  m_TagString: Untagged
  m_Icon: {fileID: 0}
  m_NavMeshLayer: 0
  m_StaticEditorFlags: 0
  m_IsActive: 1
--- !u!224 &754459273
RectTransform:
  m_ObjectHideFlags: 0
  m_PrefabParentObject: {fileID: 22440972, guid: baab77648ed7c62499da8778e75bb03f,
    type: 2}
  m_PrefabInternal: {fileID: 557927108}
  m_GameObject: {fileID: 754459272}
  m_LocalRotation: {x: 0, y: 0, z: 0, w: 1}
  m_LocalPosition: {x: 0, y: 0, z: 0}
  m_LocalScale: {x: 1, y: 1, z: 1}
  m_LocalEulerAnglesHint: {x: 0, y: 0, z: 0}
  m_Children: []
  m_Father: {fileID: 593358299}
  m_RootOrder: 0
  m_AnchorMin: {x: 0.5, y: 0.5}
  m_AnchorMax: {x: 0.5, y: 0.5}
  m_AnchoredPosition: {x: 0, y: 0}
  m_SizeDelta: {x: 40.2, y: 40.2}
  m_Pivot: {x: 0.5, y: 0.5}
--- !u!114 &754459274
MonoBehaviour:
  m_ObjectHideFlags: 0
  m_PrefabParentObject: {fileID: 11436862, guid: baab77648ed7c62499da8778e75bb03f,
    type: 2}
  m_PrefabInternal: {fileID: 557927108}
  m_GameObject: {fileID: 754459272}
  m_Enabled: 1
  m_EditorHideFlags: 0
  m_Script: {fileID: -765806418, guid: f5f67c52d1564df4a8936ccd202a3bd8, type: 3}
  m_Name: 
  m_EditorClassIdentifier: 
  m_Material: {fileID: 0}
  m_Color: {r: 0.36078432, g: 0.36078432, b: 0.36078432, a: 1}
  m_RaycastTarget: 1
  m_OnCullStateChanged:
    m_PersistentCalls:
      m_Calls: []
    m_TypeName: UnityEngine.UI.MaskableGraphic+CullStateChangedEvent, UnityEngine.UI,
      Version=1.0.0.0, Culture=neutral, PublicKeyToken=null
  m_Sprite: {fileID: 21300000, guid: 291502478103f274da140dc9d17c64dc, type: 3}
  m_Type: 0
  m_PreserveAspect: 0
  m_FillCenter: 1
  m_FillMethod: 4
  m_FillAmount: 1
  m_FillClockwise: 1
  m_FillOrigin: 0
--- !u!222 &754459275
CanvasRenderer:
  m_ObjectHideFlags: 0
  m_PrefabParentObject: {fileID: 22221454, guid: baab77648ed7c62499da8778e75bb03f,
    type: 2}
  m_PrefabInternal: {fileID: 557927108}
  m_GameObject: {fileID: 754459272}
--- !u!1 &805749201
GameObject:
  m_ObjectHideFlags: 0
  m_PrefabParentObject: {fileID: 138940, guid: baab77648ed7c62499da8778e75bb03f, type: 2}
  m_PrefabInternal: {fileID: 557927108}
  serializedVersion: 4
  m_Component:
  - 224: {fileID: 805749202}
  - 222: {fileID: 805749204}
  - 114: {fileID: 805749203}
  m_Layer: 5
  m_Name: BottomPanel
  m_TagString: Untagged
  m_Icon: {fileID: 0}
  m_NavMeshLayer: 0
  m_StaticEditorFlags: 0
  m_IsActive: 1
--- !u!224 &805749202
RectTransform:
  m_ObjectHideFlags: 0
  m_PrefabParentObject: {fileID: 22499650, guid: baab77648ed7c62499da8778e75bb03f,
    type: 2}
  m_PrefabInternal: {fileID: 557927108}
  m_GameObject: {fileID: 805749201}
  m_LocalRotation: {x: 0, y: 0, z: 0, w: 1}
  m_LocalPosition: {x: 0, y: 0, z: 0}
  m_LocalScale: {x: 1, y: 1, z: 1}
  m_LocalEulerAnglesHint: {x: 0, y: 0, z: 0}
  m_Children:
  - {fileID: 1560757404}
  - {fileID: 1982045255}
  - {fileID: 593358299}
  m_Father: {fileID: 1905657487}
  m_RootOrder: 2
  m_AnchorMin: {x: 0.5, y: 0.5}
  m_AnchorMax: {x: 0.5, y: 0.5}
  m_AnchoredPosition: {x: 0, y: -455.25}
  m_SizeDelta: {x: 1920, y: 169.5}
  m_Pivot: {x: 0.5, y: 0.5}
--- !u!114 &805749203
MonoBehaviour:
  m_ObjectHideFlags: 0
  m_PrefabParentObject: {fileID: 11499284, guid: baab77648ed7c62499da8778e75bb03f,
    type: 2}
  m_PrefabInternal: {fileID: 557927108}
  m_GameObject: {fileID: 805749201}
  m_Enabled: 1
  m_EditorHideFlags: 0
  m_Script: {fileID: -765806418, guid: f5f67c52d1564df4a8936ccd202a3bd8, type: 3}
  m_Name: 
  m_EditorClassIdentifier: 
  m_Material: {fileID: 0}
  m_Color: {r: 0.36078432, g: 0.36078432, b: 0.36078432, a: 1}
  m_RaycastTarget: 1
  m_OnCullStateChanged:
    m_PersistentCalls:
      m_Calls: []
    m_TypeName: UnityEngine.UI.MaskableGraphic+CullStateChangedEvent, UnityEngine.UI,
      Version=1.0.0.0, Culture=neutral, PublicKeyToken=null
  m_Sprite: {fileID: 21300000, guid: 7ed1238760b863f4aafde32ab3a6f28c, type: 3}
  m_Type: 1
  m_PreserveAspect: 0
  m_FillCenter: 1
  m_FillMethod: 4
  m_FillAmount: 1
  m_FillClockwise: 1
  m_FillOrigin: 0
--- !u!222 &805749204
CanvasRenderer:
  m_ObjectHideFlags: 0
  m_PrefabParentObject: {fileID: 22281970, guid: baab77648ed7c62499da8778e75bb03f,
    type: 2}
  m_PrefabInternal: {fileID: 557927108}
  m_GameObject: {fileID: 805749201}
--- !u!1 &1082734399
GameObject:
  m_ObjectHideFlags: 0
  m_PrefabParentObject: {fileID: 153714, guid: baab77648ed7c62499da8778e75bb03f, type: 2}
  m_PrefabInternal: {fileID: 557927108}
  serializedVersion: 4
  m_Component:
  - 224: {fileID: 1082734400}
  - 222: {fileID: 1082734402}
  - 114: {fileID: 1082734401}
  m_Layer: 5
  m_Name: Text
  m_TagString: Untagged
  m_Icon: {fileID: 0}
  m_NavMeshLayer: 0
  m_StaticEditorFlags: 0
  m_IsActive: 1
--- !u!224 &1082734400
RectTransform:
  m_ObjectHideFlags: 0
  m_PrefabParentObject: {fileID: 22497000, guid: baab77648ed7c62499da8778e75bb03f,
    type: 2}
  m_PrefabInternal: {fileID: 557927108}
  m_GameObject: {fileID: 1082734399}
  m_LocalRotation: {x: 0, y: 0, z: 0, w: 1}
  m_LocalPosition: {x: 0, y: 0, z: 0}
  m_LocalScale: {x: 1, y: 1, z: 1}
  m_LocalEulerAnglesHint: {x: 0, y: 0, z: 0}
  m_Children: []
  m_Father: {fileID: 1399556142}
  m_RootOrder: 0
  m_AnchorMin: {x: 0.5, y: 0.5}
  m_AnchorMax: {x: 0.5, y: 0.5}
  m_AnchoredPosition: {x: 0, y: 0}
  m_SizeDelta: {x: 277, y: 73}
  m_Pivot: {x: 0.5, y: 0.5}
--- !u!114 &1082734401
MonoBehaviour:
  m_ObjectHideFlags: 0
  m_PrefabParentObject: {fileID: 11435956, guid: baab77648ed7c62499da8778e75bb03f,
    type: 2}
  m_PrefabInternal: {fileID: 557927108}
  m_GameObject: {fileID: 1082734399}
  m_Enabled: 1
  m_EditorHideFlags: 0
  m_Script: {fileID: 708705254, guid: f5f67c52d1564df4a8936ccd202a3bd8, type: 3}
  m_Name: 
  m_EditorClassIdentifier: 
  m_Material: {fileID: 0}
  m_Color: {r: 0.36078432, g: 0.36078432, b: 0.36078432, a: 1}
  m_RaycastTarget: 1
  m_OnCullStateChanged:
    m_PersistentCalls:
      m_Calls: []
    m_TypeName: UnityEngine.UI.MaskableGraphic+CullStateChangedEvent, UnityEngine.UI,
      Version=1.0.0.0, Culture=neutral, PublicKeyToken=null
  m_FontData:
    m_Font: {fileID: 12800000, guid: 7dfc2e1472ac84e1bb749a8a9f934483, type: 3}
    m_FontSize: 35
    m_FontStyle: 0
    m_BestFit: 0
    m_MinSize: 10
    m_MaxSize: 40
    m_Alignment: 4
    m_AlignByGeometry: 0
    m_RichText: 1
    m_HorizontalOverflow: 0
    m_VerticalOverflow: 0
    m_LineSpacing: 1
  m_Text: MINUTES
--- !u!222 &1082734402
CanvasRenderer:
  m_ObjectHideFlags: 0
  m_PrefabParentObject: {fileID: 22284250, guid: baab77648ed7c62499da8778e75bb03f,
    type: 2}
  m_PrefabInternal: {fileID: 557927108}
  m_GameObject: {fileID: 1082734399}
--- !u!1 &1167756952
GameObject:
  m_ObjectHideFlags: 0
  m_PrefabParentObject: {fileID: 108370, guid: baab77648ed7c62499da8778e75bb03f, type: 2}
  m_PrefabInternal: {fileID: 557927108}
  serializedVersion: 4
  m_Component:
  - 224: {fileID: 1167756953}
  - 222: {fileID: 1167756955}
  - 114: {fileID: 1167756954}
  m_Layer: 5
  m_Name: AppTitle
  m_TagString: Untagged
  m_Icon: {fileID: 0}
  m_NavMeshLayer: 0
  m_StaticEditorFlags: 0
  m_IsActive: 1
--- !u!224 &1167756953
RectTransform:
  m_ObjectHideFlags: 0
  m_PrefabParentObject: {fileID: 22447576, guid: baab77648ed7c62499da8778e75bb03f,
    type: 2}
  m_PrefabInternal: {fileID: 557927108}
  m_GameObject: {fileID: 1167756952}
  m_LocalRotation: {x: 0, y: 0, z: 0, w: 1}
  m_LocalPosition: {x: 0, y: 0, z: 0}
  m_LocalScale: {x: 1, y: 1, z: 1}
  m_LocalEulerAnglesHint: {x: 0, y: 0, z: 0}
  m_Children:
  - {fileID: 1998084389}
  m_Father: {fileID: 738717385}
  m_RootOrder: 0
  m_AnchorMin: {x: 0.5, y: 0.5}
  m_AnchorMax: {x: 0.5, y: 0.5}
  m_AnchoredPosition: {x: -576, y: 659}
  m_SizeDelta: {x: 768, y: 109}
  m_Pivot: {x: 0.5, y: 0.5}
--- !u!114 &1167756954
MonoBehaviour:
  m_ObjectHideFlags: 0
  m_PrefabParentObject: {fileID: 11489210, guid: baab77648ed7c62499da8778e75bb03f,
    type: 2}
  m_PrefabInternal: {fileID: 557927108}
  m_GameObject: {fileID: 1167756952}
  m_Enabled: 1
  m_EditorHideFlags: 0
  m_Script: {fileID: 708705254, guid: f5f67c52d1564df4a8936ccd202a3bd8, type: 3}
  m_Name: 
  m_EditorClassIdentifier: 
  m_Material: {fileID: 0}
  m_Color: {r: 0.85490197, g: 0.85490197, b: 0.85490197, a: 1}
  m_RaycastTarget: 1
  m_OnCullStateChanged:
    m_PersistentCalls:
      m_Calls: []
    m_TypeName: UnityEngine.UI.MaskableGraphic+CullStateChangedEvent, UnityEngine.UI,
      Version=1.0.0.0, Culture=neutral, PublicKeyToken=null
  m_FontData:
    m_Font: {fileID: 12800000, guid: 218956a5c2a6e42d6a60afccf80b002b, type: 3}
    m_FontSize: 102
    m_FontStyle: 0
    m_BestFit: 0
    m_MinSize: 10
    m_MaxSize: 102
    m_Alignment: 0
    m_AlignByGeometry: 0
    m_RichText: 1
    m_HorizontalOverflow: 0
    m_VerticalOverflow: 1
    m_LineSpacing: 1
  m_Text: DAY CLOCK
--- !u!222 &1167756955
CanvasRenderer:
  m_ObjectHideFlags: 0
  m_PrefabParentObject: {fileID: 22224104, guid: baab77648ed7c62499da8778e75bb03f,
    type: 2}
  m_PrefabInternal: {fileID: 557927108}
  m_GameObject: {fileID: 1167756952}
--- !u!1 &1188877550
GameObject:
  m_ObjectHideFlags: 0
  m_PrefabParentObject: {fileID: 160098, guid: baab77648ed7c62499da8778e75bb03f, type: 2}
  m_PrefabInternal: {fileID: 557927108}
  serializedVersion: 4
  m_Component:
  - 224: {fileID: 1188877551}
  - 222: {fileID: 1188877553}
  - 114: {fileID: 1188877552}
  m_Layer: 5
  m_Name: Image
  m_TagString: Untagged
  m_Icon: {fileID: 0}
  m_NavMeshLayer: 0
  m_StaticEditorFlags: 0
  m_IsActive: 1
--- !u!224 &1188877551
RectTransform:
  m_ObjectHideFlags: 0
  m_PrefabParentObject: {fileID: 22495240, guid: baab77648ed7c62499da8778e75bb03f,
    type: 2}
  m_PrefabInternal: {fileID: 557927108}
  m_GameObject: {fileID: 1188877550}
  m_LocalRotation: {x: 0, y: 0, z: 0, w: 1}
  m_LocalPosition: {x: 0, y: 0, z: 0}
  m_LocalScale: {x: 1, y: 1, z: 1}
  m_LocalEulerAnglesHint: {x: 0, y: 0, z: 0}
  m_Children:
  - {fileID: 423224267}
  m_Father: {fileID: 1905657487}
  m_RootOrder: 5
  m_AnchorMin: {x: 0.5, y: 0.5}
  m_AnchorMax: {x: 0.5, y: 0.5}
  m_AnchoredPosition: {x: 2, y: -184}
  m_SizeDelta: {x: 325, y: 67}
  m_Pivot: {x: 0.5, y: 0.5}
--- !u!114 &1188877552
MonoBehaviour:
  m_ObjectHideFlags: 0
  m_PrefabParentObject: {fileID: 11477584, guid: baab77648ed7c62499da8778e75bb03f,
    type: 2}
  m_PrefabInternal: {fileID: 557927108}
  m_GameObject: {fileID: 1188877550}
  m_Enabled: 1
  m_EditorHideFlags: 0
  m_Script: {fileID: -765806418, guid: f5f67c52d1564df4a8936ccd202a3bd8, type: 3}
  m_Name: 
  m_EditorClassIdentifier: 
  m_Material: {fileID: 0}
  m_Color: {r: 0.99607843, g: 0.9372549, b: 0.8, a: 1}
  m_RaycastTarget: 1
  m_OnCullStateChanged:
    m_PersistentCalls:
      m_Calls: []
    m_TypeName: UnityEngine.UI.MaskableGraphic+CullStateChangedEvent, UnityEngine.UI,
      Version=1.0.0.0, Culture=neutral, PublicKeyToken=null
  m_Sprite: {fileID: 21300000, guid: 7ed1238760b863f4aafde32ab3a6f28c, type: 3}
  m_Type: 1
  m_PreserveAspect: 0
  m_FillCenter: 1
  m_FillMethod: 4
  m_FillAmount: 1
  m_FillClockwise: 1
  m_FillOrigin: 0
--- !u!222 &1188877553
CanvasRenderer:
  m_ObjectHideFlags: 0
  m_PrefabParentObject: {fileID: 22287240, guid: baab77648ed7c62499da8778e75bb03f,
    type: 2}
  m_PrefabInternal: {fileID: 557927108}
  m_GameObject: {fileID: 1188877550}
--- !u!1 &1399556141
GameObject:
  m_ObjectHideFlags: 0
  m_PrefabParentObject: {fileID: 185244, guid: baab77648ed7c62499da8778e75bb03f, type: 2}
  m_PrefabInternal: {fileID: 557927108}
  serializedVersion: 4
  m_Component:
  - 224: {fileID: 1399556142}
  - 222: {fileID: 1399556144}
  - 114: {fileID: 1399556143}
  m_Layer: 5
  m_Name: Image
  m_TagString: Untagged
  m_Icon: {fileID: 0}
  m_NavMeshLayer: 0
  m_StaticEditorFlags: 0
  m_IsActive: 1
--- !u!224 &1399556142
RectTransform:
  m_ObjectHideFlags: 0
  m_PrefabParentObject: {fileID: 22458662, guid: baab77648ed7c62499da8778e75bb03f,
    type: 2}
  m_PrefabInternal: {fileID: 557927108}
  m_GameObject: {fileID: 1399556141}
  m_LocalRotation: {x: 0, y: 0, z: 0, w: 1}
  m_LocalPosition: {x: 0, y: 0, z: 0}
  m_LocalScale: {x: 1, y: 1, z: 1}
  m_LocalEulerAnglesHint: {x: 0, y: 0, z: 0}
  m_Children:
  - {fileID: 1082734400}
  m_Father: {fileID: 1905657487}
  m_RootOrder: 4
  m_AnchorMin: {x: 0.5, y: 0.5}
  m_AnchorMax: {x: 0.5, y: 0.5}
  m_AnchoredPosition: {x: 0, y: -117}
  m_SizeDelta: {x: 626, y: 67}
  m_Pivot: {x: 0.5, y: 0.5}
--- !u!114 &1399556143
MonoBehaviour:
  m_ObjectHideFlags: 0
  m_PrefabParentObject: {fileID: 11440760, guid: baab77648ed7c62499da8778e75bb03f,
    type: 2}
  m_PrefabInternal: {fileID: 557927108}
  m_GameObject: {fileID: 1399556141}
  m_Enabled: 1
  m_EditorHideFlags: 0
  m_Script: {fileID: -765806418, guid: f5f67c52d1564df4a8936ccd202a3bd8, type: 3}
  m_Name: 
  m_EditorClassIdentifier: 
  m_Material: {fileID: 0}
  m_Color: {r: 0.4, g: 0.72156864, b: 0.87058824, a: 1}
  m_RaycastTarget: 1
  m_OnCullStateChanged:
    m_PersistentCalls:
      m_Calls: []
    m_TypeName: UnityEngine.UI.MaskableGraphic+CullStateChangedEvent, UnityEngine.UI,
      Version=1.0.0.0, Culture=neutral, PublicKeyToken=null
  m_Sprite: {fileID: 21300000, guid: 7ed1238760b863f4aafde32ab3a6f28c, type: 3}
  m_Type: 1
  m_PreserveAspect: 0
  m_FillCenter: 1
  m_FillMethod: 4
  m_FillAmount: 1
  m_FillClockwise: 1
  m_FillOrigin: 0
--- !u!222 &1399556144
CanvasRenderer:
  m_ObjectHideFlags: 0
  m_PrefabParentObject: {fileID: 22294264, guid: baab77648ed7c62499da8778e75bb03f,
    type: 2}
  m_PrefabInternal: {fileID: 557927108}
  m_GameObject: {fileID: 1399556141}
--- !u!1 &1500371475
GameObject:
  m_ObjectHideFlags: 0
  m_PrefabParentObject: {fileID: 0}
  m_PrefabInternal: {fileID: 0}
  serializedVersion: 4
  m_Component:
  - 4: {fileID: 1500371479}
  - 114: {fileID: 1500371478}
  - 114: {fileID: 1500371477}
  - 114: {fileID: 1500371476}
  m_Layer: 0
  m_Name: EventSystem
  m_TagString: Untagged
  m_Icon: {fileID: 0}
  m_NavMeshLayer: 0
  m_StaticEditorFlags: 0
  m_IsActive: 1
--- !u!114 &1500371476
MonoBehaviour:
  m_ObjectHideFlags: 0
  m_PrefabParentObject: {fileID: 0}
  m_PrefabInternal: {fileID: 0}
  m_GameObject: {fileID: 1500371475}
  m_Enabled: 1
  m_EditorHideFlags: 0
  m_Script: {fileID: 1997211142, guid: f5f67c52d1564df4a8936ccd202a3bd8, type: 3}
  m_Name: 
  m_EditorClassIdentifier: 
  m_ForceModuleActive: 0
--- !u!114 &1500371477
MonoBehaviour:
  m_ObjectHideFlags: 0
  m_PrefabParentObject: {fileID: 0}
  m_PrefabInternal: {fileID: 0}
  m_GameObject: {fileID: 1500371475}
  m_Enabled: 1
  m_EditorHideFlags: 0
  m_Script: {fileID: 1077351063, guid: f5f67c52d1564df4a8936ccd202a3bd8, type: 3}
  m_Name: 
  m_EditorClassIdentifier: 
  m_HorizontalAxis: Horizontal
  m_VerticalAxis: Vertical
  m_SubmitButton: Submit
  m_CancelButton: Cancel
  m_InputActionsPerSecond: 10
  m_RepeatDelay: 0.5
  m_ForceModuleActive: 0
--- !u!114 &1500371478
MonoBehaviour:
  m_ObjectHideFlags: 0
  m_PrefabParentObject: {fileID: 0}
  m_PrefabInternal: {fileID: 0}
  m_GameObject: {fileID: 1500371475}
  m_Enabled: 1
  m_EditorHideFlags: 0
  m_Script: {fileID: -619905303, guid: f5f67c52d1564df4a8936ccd202a3bd8, type: 3}
  m_Name: 
  m_EditorClassIdentifier: 
  m_FirstSelected: {fileID: 0}
  m_sendNavigationEvents: 1
  m_DragThreshold: 5
--- !u!4 &1500371479
Transform:
  m_ObjectHideFlags: 0
  m_PrefabParentObject: {fileID: 0}
  m_PrefabInternal: {fileID: 0}
  m_GameObject: {fileID: 1500371475}
  m_LocalRotation: {x: 0, y: 0, z: 0, w: 1}
  m_LocalPosition: {x: 0, y: 0, z: 0}
  m_LocalScale: {x: 1, y: 1, z: 1}
  m_LocalEulerAnglesHint: {x: 0, y: 0, z: 0}
  m_Children: []
  m_Father: {fileID: 0}
  m_RootOrder: 1
--- !u!1 &1511305452
GameObject:
  m_ObjectHideFlags: 0
  m_PrefabParentObject: {fileID: 0}
  m_PrefabInternal: {fileID: 0}
  serializedVersion: 4
  m_Component:
  - 4: {fileID: 1511305453}
  m_Layer: 0
  m_Name: __SET_YOUR_GAMESCREEN_TO_1920x1080
  m_TagString: Untagged
  m_Icon: {fileID: 0}
  m_NavMeshLayer: 0
  m_StaticEditorFlags: 0
  m_IsActive: 1
--- !u!4 &1511305453
Transform:
  m_ObjectHideFlags: 0
  m_PrefabParentObject: {fileID: 0}
  m_PrefabInternal: {fileID: 0}
  m_GameObject: {fileID: 1511305452}
  m_LocalRotation: {x: 0, y: 0, z: 0, w: 1}
  m_LocalPosition: {x: 494.995, y: 627.74, z: 0}
  m_LocalScale: {x: 1, y: 1, z: 1}
  m_LocalEulerAnglesHint: {x: 0, y: 0, z: 0}
  m_Children: []
  m_Father: {fileID: 0}
  m_RootOrder: 2
--- !u!1 &1560757403
GameObject:
  m_ObjectHideFlags: 0
  m_PrefabParentObject: {fileID: 194098, guid: baab77648ed7c62499da8778e75bb03f, type: 2}
  m_PrefabInternal: {fileID: 557927108}
  serializedVersion: 4
  m_Component:
  - 224: {fileID: 1560757404}
  - 222: {fileID: 1560757406}
  - 114: {fileID: 1560757405}
  m_Layer: 5
  m_Name: Text
  m_TagString: Untagged
  m_Icon: {fileID: 0}
  m_NavMeshLayer: 0
  m_StaticEditorFlags: 0
  m_IsActive: 1
--- !u!224 &1560757404
RectTransform:
  m_ObjectHideFlags: 0
  m_PrefabParentObject: {fileID: 22401814, guid: baab77648ed7c62499da8778e75bb03f,
    type: 2}
  m_PrefabInternal: {fileID: 557927108}
  m_GameObject: {fileID: 1560757403}
  m_LocalRotation: {x: 0, y: 0, z: 0, w: 1}
  m_LocalPosition: {x: 0, y: 0, z: 0}
  m_LocalScale: {x: 1, y: 1, z: 1}
  m_LocalEulerAnglesHint: {x: 0, y: 0, z: 0}
  m_Children: []
  m_Father: {fileID: 805749202}
  m_RootOrder: 0
  m_AnchorMin: {x: 0.5, y: 0.5}
  m_AnchorMax: {x: 0.5, y: 0.5}
  m_AnchoredPosition: {x: 0, y: -20.8}
  m_SizeDelta: {x: 162, y: 73}
  m_Pivot: {x: 0.5, y: 0.5}
--- !u!114 &1560757405
MonoBehaviour:
  m_ObjectHideFlags: 0
  m_PrefabParentObject: {fileID: 11433568, guid: baab77648ed7c62499da8778e75bb03f,
    type: 2}
  m_PrefabInternal: {fileID: 557927108}
  m_GameObject: {fileID: 1560757403}
  m_Enabled: 1
  m_EditorHideFlags: 0
  m_Script: {fileID: 708705254, guid: f5f67c52d1564df4a8936ccd202a3bd8, type: 3}
  m_Name: 
  m_EditorClassIdentifier: 
  m_Material: {fileID: 0}
  m_Color: {r: 0.94509804, g: 0.9254902, b: 0.8745098, a: 1}
  m_RaycastTarget: 1
  m_OnCullStateChanged:
    m_PersistentCalls:
      m_Calls: []
    m_TypeName: UnityEngine.UI.MaskableGraphic+CullStateChangedEvent, UnityEngine.UI,
      Version=1.0.0.0, Culture=neutral, PublicKeyToken=null
  m_FontData:
    m_Font: {fileID: 12800000, guid: 5c425d43bb0df45ca8eb162d5154251e, type: 3}
    m_FontSize: 50
    m_FontStyle: 0
    m_BestFit: 0
    m_MinSize: 10
    m_MaxSize: 50
    m_Alignment: 4
    m_AlignByGeometry: 0
    m_RichText: 1
    m_HorizontalOverflow: 0
    m_VerticalOverflow: 0
    m_LineSpacing: 1
  m_Text: 07:23 AM
--- !u!222 &1560757406
CanvasRenderer:
  m_ObjectHideFlags: 0
  m_PrefabParentObject: {fileID: 22205058, guid: baab77648ed7c62499da8778e75bb03f,
    type: 2}
  m_PrefabInternal: {fileID: 557927108}
  m_GameObject: {fileID: 1560757403}
--- !u!1 &1905657486
GameObject:
  m_ObjectHideFlags: 0
  m_PrefabParentObject: {fileID: 196022, guid: baab77648ed7c62499da8778e75bb03f, type: 2}
  m_PrefabInternal: {fileID: 557927108}
  serializedVersion: 4
  m_Component:
  - 224: {fileID: 1905657487}
  - 222: {fileID: 1905657490}
  - 114: {fileID: 1905657489}
  - 114: {fileID: 1905657488}
  m_Layer: 5
  m_Name: Panel
  m_TagString: Untagged
  m_Icon: {fileID: 0}
  m_NavMeshLayer: 0
  m_StaticEditorFlags: 0
  m_IsActive: 1
--- !u!224 &1905657487
RectTransform:
  m_ObjectHideFlags: 0
  m_PrefabParentObject: {fileID: 22428816, guid: baab77648ed7c62499da8778e75bb03f,
    type: 2}
  m_PrefabInternal: {fileID: 557927108}
  m_GameObject: {fileID: 1905657486}
  m_LocalRotation: {x: 0, y: 0, z: 0, w: 1}
  m_LocalPosition: {x: 0, y: 0, z: 0}
  m_LocalScale: {x: 1, y: 1, z: 1}
  m_LocalEulerAnglesHint: {x: 0, y: 0, z: 0}
  m_Children:
  - {fileID: 382905172}
  - {fileID: 2088360247}
  - {fileID: 805749202}
  - {fileID: 633461185}
  - {fileID: 1399556142}
  - {fileID: 1188877551}
  m_Father: {fileID: 738717385}
  m_RootOrder: 1
  m_AnchorMin: {x: 0.5, y: 0.5}
  m_AnchorMax: {x: 0.5, y: 0.5}
  m_AnchoredPosition: {x: 0, y: 0}
  m_SizeDelta: {x: 1920, y: 1080}
  m_Pivot: {x: 0.5, y: 0.5}
--- !u!114 &1905657488
MonoBehaviour:
  m_ObjectHideFlags: 0
  m_PrefabParentObject: {fileID: 11487588, guid: baab77648ed7c62499da8778e75bb03f,
    type: 2}
  m_PrefabInternal: {fileID: 557927108}
  m_GameObject: {fileID: 1905657486}
  m_Enabled: 1
  m_EditorHideFlags: 0
  m_Script: {fileID: -1200242548, guid: f5f67c52d1564df4a8936ccd202a3bd8, type: 3}
  m_Name: 
  m_EditorClassIdentifier: 
  m_ShowMaskGraphic: 1
--- !u!114 &1905657489
MonoBehaviour:
  m_ObjectHideFlags: 0
  m_PrefabParentObject: {fileID: 11491246, guid: baab77648ed7c62499da8778e75bb03f,
    type: 2}
  m_PrefabInternal: {fileID: 557927108}
  m_GameObject: {fileID: 1905657486}
  m_Enabled: 1
  m_EditorHideFlags: 0
  m_Script: {fileID: -765806418, guid: f5f67c52d1564df4a8936ccd202a3bd8, type: 3}
  m_Name: 
  m_EditorClassIdentifier: 
  m_Material: {fileID: 0}
  m_Color: {r: 0.9490196, g: 0.92941177, b: 0.8784314, a: 1}
  m_RaycastTarget: 1
  m_OnCullStateChanged:
    m_PersistentCalls:
      m_Calls: []
    m_TypeName: UnityEngine.UI.MaskableGraphic+CullStateChangedEvent, UnityEngine.UI,
      Version=1.0.0.0, Culture=neutral, PublicKeyToken=null
  m_Sprite: {fileID: 21300000, guid: 7ed1238760b863f4aafde32ab3a6f28c, type: 3}
  m_Type: 1
  m_PreserveAspect: 0
  m_FillCenter: 1
  m_FillMethod: 4
  m_FillAmount: 1
  m_FillClockwise: 1
  m_FillOrigin: 0
--- !u!222 &1905657490
CanvasRenderer:
  m_ObjectHideFlags: 0
  m_PrefabParentObject: {fileID: 22292388, guid: baab77648ed7c62499da8778e75bb03f,
    type: 2}
  m_PrefabInternal: {fileID: 557927108}
  m_GameObject: {fileID: 1905657486}
--- !u!1 &1982045254
GameObject:
  m_ObjectHideFlags: 0
  m_PrefabParentObject: {fileID: 111602, guid: baab77648ed7c62499da8778e75bb03f, type: 2}
  m_PrefabInternal: {fileID: 557927108}
  serializedVersion: 4
  m_Component:
  - 224: {fileID: 1982045255}
  - 222: {fileID: 1982045257}
  - 114: {fileID: 1982045256}
  m_Layer: 5
  m_Name: Text
  m_TagString: Untagged
  m_Icon: {fileID: 0}
  m_NavMeshLayer: 0
  m_StaticEditorFlags: 0
  m_IsActive: 1
--- !u!224 &1982045255
RectTransform:
  m_ObjectHideFlags: 0
  m_PrefabParentObject: {fileID: 22433094, guid: baab77648ed7c62499da8778e75bb03f,
    type: 2}
  m_PrefabInternal: {fileID: 557927108}
  m_GameObject: {fileID: 1982045254}
  m_LocalRotation: {x: 0, y: 0, z: 0, w: 1}
  m_LocalPosition: {x: 0, y: 0, z: 0}
  m_LocalScale: {x: 1, y: 1, z: 1}
  m_LocalEulerAnglesHint: {x: 0, y: 0, z: 0}
  m_Children: []
  m_Father: {fileID: 805749202}
  m_RootOrder: 1
  m_AnchorMin: {x: 0.5, y: 0.5}
  m_AnchorMax: {x: 0.5, y: 0.5}
  m_AnchoredPosition: {x: 3.6, y: 33}
  m_SizeDelta: {x: 213, y: 73}
  m_Pivot: {x: 0.5, y: 0.5}
--- !u!114 &1982045256
MonoBehaviour:
  m_ObjectHideFlags: 0
  m_PrefabParentObject: {fileID: 11458432, guid: baab77648ed7c62499da8778e75bb03f,
    type: 2}
  m_PrefabInternal: {fileID: 557927108}
  m_GameObject: {fileID: 1982045254}
  m_Enabled: 1
  m_EditorHideFlags: 0
  m_Script: {fileID: 708705254, guid: f5f67c52d1564df4a8936ccd202a3bd8, type: 3}
  m_Name: 
  m_EditorClassIdentifier: 
  m_Material: {fileID: 0}
  m_Color: {r: 0.94509804, g: 0.9254902, b: 0.8745098, a: 1}
  m_RaycastTarget: 1
  m_OnCullStateChanged:
    m_PersistentCalls:
      m_Calls: []
    m_TypeName: UnityEngine.UI.MaskableGraphic+CullStateChangedEvent, UnityEngine.UI,
      Version=1.0.0.0, Culture=neutral, PublicKeyToken=null
  m_FontData:
    m_Font: {fileID: 12800000, guid: 7dfc2e1472ac84e1bb749a8a9f934483, type: 3}
    m_FontSize: 50
    m_FontStyle: 0
    m_BestFit: 0
    m_MinSize: 10
    m_MaxSize: 50
    m_Alignment: 4
    m_AlignByGeometry: 0
    m_RichText: 1
    m_HorizontalOverflow: 0
    m_VerticalOverflow: 0
    m_LineSpacing: 1
  m_Text: ALARM
--- !u!222 &1982045257
CanvasRenderer:
  m_ObjectHideFlags: 0
  m_PrefabParentObject: {fileID: 22239736, guid: baab77648ed7c62499da8778e75bb03f,
    type: 2}
  m_PrefabInternal: {fileID: 557927108}
  m_GameObject: {fileID: 1982045254}
--- !u!1 &1998084388
GameObject:
  m_ObjectHideFlags: 0
  m_PrefabParentObject: {fileID: 110420, guid: baab77648ed7c62499da8778e75bb03f, type: 2}
  m_PrefabInternal: {fileID: 557927108}
  serializedVersion: 4
  m_Component:
  - 224: {fileID: 1998084389}
  - 222: {fileID: 1998084391}
  - 114: {fileID: 1998084390}
  m_Layer: 5
  m_Name: AppTitle
  m_TagString: Untagged
  m_Icon: {fileID: 0}
  m_NavMeshLayer: 0
  m_StaticEditorFlags: 0
  m_IsActive: 1
--- !u!224 &1998084389
RectTransform:
  m_ObjectHideFlags: 0
  m_PrefabParentObject: {fileID: 22459084, guid: baab77648ed7c62499da8778e75bb03f,
    type: 2}
  m_PrefabInternal: {fileID: 557927108}
  m_GameObject: {fileID: 1998084388}
  m_LocalRotation: {x: 0, y: 0, z: 0, w: 1}
  m_LocalPosition: {x: 0, y: 0, z: 0}
  m_LocalScale: {x: 1, y: 1, z: 1}
  m_LocalEulerAnglesHint: {x: 0, y: 0, z: 0}
  m_Children: []
  m_Father: {fileID: 1167756953}
  m_RootOrder: 0
  m_AnchorMin: {x: 0.5, y: 0.5}
  m_AnchorMax: {x: 0.5, y: 0.5}
  m_AnchoredPosition: {x: -36.5, y: -88}
  m_SizeDelta: {x: 695, y: 67}
  m_Pivot: {x: 0.5, y: 0.5}
--- !u!114 &1998084390
MonoBehaviour:
  m_ObjectHideFlags: 0
  m_PrefabParentObject: {fileID: 11418090, guid: baab77648ed7c62499da8778e75bb03f,
    type: 2}
  m_PrefabInternal: {fileID: 557927108}
  m_GameObject: {fileID: 1998084388}
  m_Enabled: 1
  m_EditorHideFlags: 0
  m_Script: {fileID: 708705254, guid: f5f67c52d1564df4a8936ccd202a3bd8, type: 3}
  m_Name: 
  m_EditorClassIdentifier: 
  m_Material: {fileID: 0}
  m_Color: {r: 0.85490197, g: 0.85490197, b: 0.85490197, a: 1}
  m_RaycastTarget: 1
  m_OnCullStateChanged:
    m_PersistentCalls:
      m_Calls: []
    m_TypeName: UnityEngine.UI.MaskableGraphic+CullStateChangedEvent, UnityEngine.UI,
      Version=1.0.0.0, Culture=neutral, PublicKeyToken=null
  m_FontData:
    m_Font: {fileID: 12800000, guid: 218956a5c2a6e42d6a60afccf80b002b, type: 3}
    m_FontSize: 40
    m_FontStyle: 0
    m_BestFit: 0
    m_MinSize: 10
    m_MaxSize: 40
    m_Alignment: 0
    m_AlignByGeometry: 0
    m_RichText: 1
    m_HorizontalOverflow: 0
    m_VerticalOverflow: 1
    m_LineSpacing: 1
  m_Text: APP SAMPLE DESKTOP
--- !u!222 &1998084391
CanvasRenderer:
  m_ObjectHideFlags: 0
  m_PrefabParentObject: {fileID: 22296400, guid: baab77648ed7c62499da8778e75bb03f,
    type: 2}
  m_PrefabInternal: {fileID: 557927108}
  m_GameObject: {fileID: 1998084388}
--- !u!1 &2088360246
GameObject:
  m_ObjectHideFlags: 0
  m_PrefabParentObject: {fileID: 189726, guid: baab77648ed7c62499da8778e75bb03f, type: 2}
  m_PrefabInternal: {fileID: 557927108}
  serializedVersion: 4
  m_Component:
  - 224: {fileID: 2088360247}
  - 222: {fileID: 2088360249}
  - 114: {fileID: 2088360248}
  m_Layer: 5
  m_Name: Text
  m_TagString: Untagged
  m_Icon: {fileID: 0}
  m_NavMeshLayer: 0
  m_StaticEditorFlags: 0
  m_IsActive: 1
--- !u!224 &2088360247
RectTransform:
  m_ObjectHideFlags: 0
  m_PrefabParentObject: {fileID: 22485272, guid: baab77648ed7c62499da8778e75bb03f,
    type: 2}
  m_PrefabInternal: {fileID: 557927108}
  m_GameObject: {fileID: 2088360246}
  m_LocalRotation: {x: 0, y: 0, z: 0, w: 1}
  m_LocalPosition: {x: 0, y: 0, z: 0}
  m_LocalScale: {x: 1, y: 1, z: 1}
  m_LocalEulerAnglesHint: {x: 0, y: 0, z: 0}
  m_Children: []
  m_Father: {fileID: 1905657487}
  m_RootOrder: 1
  m_AnchorMin: {x: 0.5, y: 0.5}
  m_AnchorMax: {x: 0.5, y: 0.5}
  m_AnchoredPosition: {x: 0, y: 208}
  m_SizeDelta: {x: 1203, y: 520}
  m_Pivot: {x: 0.5, y: 0.5}
--- !u!114 &2088360248
MonoBehaviour:
  m_ObjectHideFlags: 0
  m_PrefabParentObject: {fileID: 11449658, guid: baab77648ed7c62499da8778e75bb03f,
    type: 2}
  m_PrefabInternal: {fileID: 557927108}
  m_GameObject: {fileID: 2088360246}
  m_Enabled: 1
  m_EditorHideFlags: 0
  m_Script: {fileID: 708705254, guid: f5f67c52d1564df4a8936ccd202a3bd8, type: 3}
  m_Name: 
  m_EditorClassIdentifier: 
  m_Material: {fileID: 0}
  m_Color: {r: 0.36078432, g: 0.36078432, b: 0.36078432, a: 1}
  m_RaycastTarget: 1
  m_OnCullStateChanged:
    m_PersistentCalls:
      m_Calls: []
    m_TypeName: UnityEngine.UI.MaskableGraphic+CullStateChangedEvent, UnityEngine.UI,
      Version=1.0.0.0, Culture=neutral, PublicKeyToken=null
  m_FontData:
    m_Font: {fileID: 12800000, guid: 5c425d43bb0df45ca8eb162d5154251e, type: 3}
    m_FontSize: 259
    m_FontStyle: 0
    m_BestFit: 0
    m_MinSize: 10
    m_MaxSize: 259
    m_Alignment: 4
    m_AlignByGeometry: 0
    m_RichText: 1
    m_HorizontalOverflow: 0
    m_VerticalOverflow: 0
    m_LineSpacing: 1
  m_Text: 05:43 AM
--- !u!222 &2088360249
CanvasRenderer:
  m_ObjectHideFlags: 0
  m_PrefabParentObject: {fileID: 22270504, guid: baab77648ed7c62499da8778e75bb03f,
    type: 2}
  m_PrefabInternal: {fileID: 557927108}
  m_GameObject: {fileID: 2088360246}
