%YAML 1.1
%TAG !u! tag:unity3d.com,2011:
--- !u!29 &1
SceneSettings:
  m_ObjectHideFlags: 0
  m_PVSData: 
  m_PVSObjectsArray: []
  m_PVSPortalsArray: []
  m_OcclusionBakeSettings:
    smallestOccluder: 5
    smallestHole: 0.25
    backfaceThreshold: 100
--- !u!104 &2
RenderSettings:
  m_ObjectHideFlags: 0
  serializedVersion: 7
  m_Fog: 0
  m_FogColor: {r: 0.5, g: 0.5, b: 0.5, a: 1}
  m_FogMode: 3
  m_FogDensity: 0.01
  m_LinearFogStart: 0
  m_LinearFogEnd: 300
  m_AmbientSkyColor: {r: 0.212, g: 0.227, b: 0.259, a: 1}
  m_AmbientEquatorColor: {r: 0.114, g: 0.125, b: 0.133, a: 1}
  m_AmbientGroundColor: {r: 0.047, g: 0.043, b: 0.035, a: 1}
  m_AmbientIntensity: 1
  m_AmbientMode: 0
  m_SkyboxMaterial: {fileID: 10304, guid: 0000000000000000f000000000000000, type: 0}
  m_HaloStrength: 0.5
  m_FlareStrength: 1
  m_FlareFadeSpeed: 3
  m_HaloTexture: {fileID: 0}
  m_SpotCookie: {fileID: 10001, guid: 0000000000000000e000000000000000, type: 0}
  m_DefaultReflectionMode: 0
  m_DefaultReflectionResolution: 128
  m_ReflectionBounces: 1
  m_ReflectionIntensity: 1
  m_CustomReflection: {fileID: 0}
  m_Sun: {fileID: 0}
  m_IndirectSpecularColor: {r: 0, g: 0, b: 0, a: 1}
--- !u!157 &4
LightmapSettings:
  m_ObjectHideFlags: 0
  serializedVersion: 7
  m_GIWorkflowMode: 0
  m_GISettings:
    serializedVersion: 2
    m_BounceScale: 1
    m_IndirectOutputScale: 1
    m_AlbedoBoost: 1
    m_TemporalCoherenceThreshold: 1
    m_EnvironmentLightingMode: 0
    m_EnableBakedLightmaps: 1
    m_EnableRealtimeLightmaps: 1
  m_LightmapEditorSettings:
    serializedVersion: 4
    m_Resolution: 2
    m_BakeResolution: 40
    m_TextureWidth: 1024
    m_TextureHeight: 1024
    m_AO: 0
    m_AOMaxDistance: 1
    m_CompAOExponent: 0
    m_CompAOExponentDirect: 0
    m_Padding: 2
    m_LightmapParameters: {fileID: 0}
    m_LightmapsBakeMode: 1
    m_TextureCompression: 1
    m_DirectLightInLightProbes: 1
    m_FinalGather: 0
    m_FinalGatherFiltering: 1
    m_FinalGatherRayCount: 1024
    m_ReflectionCompression: 2
  m_LightingDataAsset: {fileID: 0}
  m_RuntimeCPUUsage: 25
--- !u!196 &5
NavMeshSettings:
  serializedVersion: 2
  m_ObjectHideFlags: 0
  m_BuildSettings:
    serializedVersion: 2
    agentRadius: 0.5
    agentHeight: 2
    agentSlope: 45
    agentClimb: 0.4
    ledgeDropHeight: 0
    maxJumpAcrossDistance: 0
    accuratePlacement: 0
    minRegionArea: 2
    cellSize: 0.16666667
    manualCellSize: 0
  m_NavMeshData: {fileID: 0}
--- !u!1 &39086150
GameObject:
  m_ObjectHideFlags: 0
  m_PrefabParentObject: {fileID: 156546, guid: 4dbadbf16a2077241af2691f795dd825, type: 2}
  m_PrefabInternal: {fileID: 818651337}
  serializedVersion: 4
  m_Component:
  - 224: {fileID: 39086151}
  - 222: {fileID: 39086154}
  - 114: {fileID: 39086153}
  - 114: {fileID: 39086152}
  m_Layer: 5
  m_Name: Dot
  m_TagString: Untagged
  m_Icon: {fileID: 0}
  m_NavMeshLayer: 0
  m_StaticEditorFlags: 0
  m_IsActive: 1
--- !u!224 &39086151
RectTransform:
  m_ObjectHideFlags: 0
  m_PrefabParentObject: {fileID: 22456546, guid: 4dbadbf16a2077241af2691f795dd825,
    type: 2}
  m_PrefabInternal: {fileID: 818651337}
  m_GameObject: {fileID: 39086150}
  m_LocalRotation: {x: 0, y: 0, z: 0, w: 1}
  m_LocalPosition: {x: 0, y: 0, z: 0}
  m_LocalScale: {x: 1, y: 1, z: 1}
  m_LocalEulerAnglesHint: {x: 0, y: 0, z: 0}
  m_Children: []
  m_Father: {fileID: 1381749335}
  m_RootOrder: 4
  m_AnchorMin: {x: 0.5, y: 0.5}
  m_AnchorMax: {x: 0.5, y: 0.5}
  m_AnchoredPosition: {x: -239.1, y: 0}
  m_SizeDelta: {x: 10, y: 10}
  m_Pivot: {x: 0.5, y: 0.5}
--- !u!114 &39086152
MonoBehaviour:
  m_ObjectHideFlags: 0
  m_PrefabParentObject: {fileID: 11456534, guid: 4dbadbf16a2077241af2691f795dd825,
    type: 2}
  m_PrefabInternal: {fileID: 818651337}
  m_GameObject: {fileID: 39086150}
  m_Enabled: 1
  m_EditorHideFlags: 0
  m_Script: {fileID: 1392445389, guid: f5f67c52d1564df4a8936ccd202a3bd8, type: 3}
  m_Name: 
  m_EditorClassIdentifier: 
  m_Navigation:
    m_Mode: 3
    m_SelectOnUp: {fileID: 0}
    m_SelectOnDown: {fileID: 0}
    m_SelectOnLeft: {fileID: 0}
    m_SelectOnRight: {fileID: 0}
  m_Transition: 1
  m_Colors:
    m_NormalColor: {r: 1, g: 1, b: 1, a: 1}
    m_HighlightedColor: {r: 0.9607843, g: 0.9607843, b: 0.9607843, a: 1}
    m_PressedColor: {r: 0.78431374, g: 0.78431374, b: 0.78431374, a: 1}
    m_DisabledColor: {r: 0.78431374, g: 0.78431374, b: 0.78431374, a: 0.5019608}
    m_ColorMultiplier: 1
    m_FadeDuration: 0.1
  m_SpriteState:
    m_HighlightedSprite: {fileID: 0}
    m_PressedSprite: {fileID: 0}
    m_DisabledSprite: {fileID: 0}
  m_AnimationTriggers:
    m_NormalTrigger: Normal
    m_HighlightedTrigger: Highlighted
    m_PressedTrigger: Pressed
    m_DisabledTrigger: Disabled
  m_Interactable: 1
  m_TargetGraphic: {fileID: 39086153}
  m_OnClick:
    m_PersistentCalls:
      m_Calls: []
    m_TypeName: UnityEngine.UI.Button+ButtonClickedEvent, UnityEngine.UI, Version=1.0.0.0,
      Culture=neutral, PublicKeyToken=null
--- !u!114 &39086153
MonoBehaviour:
  m_ObjectHideFlags: 0
  m_PrefabParentObject: {fileID: 11456532, guid: 4dbadbf16a2077241af2691f795dd825,
    type: 2}
  m_PrefabInternal: {fileID: 818651337}
  m_GameObject: {fileID: 39086150}
  m_Enabled: 1
  m_EditorHideFlags: 0
  m_Script: {fileID: -765806418, guid: f5f67c52d1564df4a8936ccd202a3bd8, type: 3}
  m_Name: 
  m_EditorClassIdentifier: 
  m_Material: {fileID: 0}
  m_Color: {r: 0.99607843, g: 0.99607843, b: 0.99607843, a: 1}
  m_RaycastTarget: 1
  m_OnCullStateChanged:
    m_PersistentCalls:
      m_Calls: []
    m_TypeName: UnityEngine.UI.MaskableGraphic+CullStateChangedEvent, UnityEngine.UI,
      Version=1.0.0.0, Culture=neutral, PublicKeyToken=null
  m_Sprite: {fileID: 21300000, guid: 5908bdcd265c5724fa04973af4137dcb, type: 3}
  m_Type: 0
  m_PreserveAspect: 0
  m_FillCenter: 1
  m_FillMethod: 4
  m_FillAmount: 1
  m_FillClockwise: 1
  m_FillOrigin: 0
--- !u!222 &39086154
CanvasRenderer:
  m_ObjectHideFlags: 0
  m_PrefabParentObject: {fileID: 22256548, guid: 4dbadbf16a2077241af2691f795dd825,
    type: 2}
  m_PrefabInternal: {fileID: 818651337}
  m_GameObject: {fileID: 39086150}
--- !u!1 &127051295
GameObject:
  m_ObjectHideFlags: 0
  m_PrefabParentObject: {fileID: 156544, guid: 4dbadbf16a2077241af2691f795dd825, type: 2}
  m_PrefabInternal: {fileID: 818651337}
  serializedVersion: 4
  m_Component:
  - 224: {fileID: 127051296}
  - 222: {fileID: 127051298}
  - 114: {fileID: 127051297}
  m_Layer: 5
  m_Name: BG
  m_TagString: Untagged
  m_Icon: {fileID: 0}
  m_NavMeshLayer: 0
  m_StaticEditorFlags: 0
  m_IsActive: 1
--- !u!224 &127051296
RectTransform:
  m_ObjectHideFlags: 0
  m_PrefabParentObject: {fileID: 22456544, guid: 4dbadbf16a2077241af2691f795dd825,
    type: 2}
  m_PrefabInternal: {fileID: 818651337}
  m_GameObject: {fileID: 127051295}
  m_LocalRotation: {x: 0, y: 0, z: 0, w: 1}
  m_LocalPosition: {x: 0, y: 0, z: 0}
  m_LocalScale: {x: 1, y: 1, z: 1}
  m_LocalEulerAnglesHint: {x: 0, y: 0, z: 0}
  m_Children: []
  m_Father: {fileID: 1843868559}
  m_RootOrder: 1
  m_AnchorMin: {x: 0.5, y: 0.5}
  m_AnchorMax: {x: 0.5, y: 0.5}
  m_AnchoredPosition: {x: -0.02999878, y: 0}
  m_SizeDelta: {x: 639.95, y: 1136}
  m_Pivot: {x: 0.5, y: 0.5}
--- !u!114 &127051297
MonoBehaviour:
  m_ObjectHideFlags: 0
  m_PrefabParentObject: {fileID: 11456530, guid: 4dbadbf16a2077241af2691f795dd825,
    type: 2}
  m_PrefabInternal: {fileID: 818651337}
  m_GameObject: {fileID: 127051295}
  m_Enabled: 1
  m_EditorHideFlags: 0
  m_Script: {fileID: -765806418, guid: f5f67c52d1564df4a8936ccd202a3bd8, type: 3}
  m_Name: 
  m_EditorClassIdentifier: 
  m_Material: {fileID: 0}
  m_Color: {r: 0.09558821, g: 0.09558821, b: 0.09558821, a: 1}
  m_RaycastTarget: 1
  m_OnCullStateChanged:
    m_PersistentCalls:
      m_Calls: []
    m_TypeName: UnityEngine.UI.MaskableGraphic+CullStateChangedEvent, UnityEngine.UI,
      Version=1.0.0.0, Culture=neutral, PublicKeyToken=null
  m_Sprite: {fileID: 21300000, guid: 7ed1238760b863f4aafde32ab3a6f28c, type: 3}
  m_Type: 1
  m_PreserveAspect: 0
  m_FillCenter: 1
  m_FillMethod: 4
  m_FillAmount: 1
  m_FillClockwise: 1
  m_FillOrigin: 0
--- !u!222 &127051298
CanvasRenderer:
  m_ObjectHideFlags: 0
  m_PrefabParentObject: {fileID: 22256546, guid: 4dbadbf16a2077241af2691f795dd825,
    type: 2}
  m_PrefabInternal: {fileID: 818651337}
  m_GameObject: {fileID: 127051295}
--- !u!1 &139399652
GameObject:
  m_ObjectHideFlags: 0
  m_PrefabParentObject: {fileID: 156558, guid: 4dbadbf16a2077241af2691f795dd825, type: 2}
  m_PrefabInternal: {fileID: 818651337}
  serializedVersion: 4
  m_Component:
  - 224: {fileID: 139399653}
  - 222: {fileID: 139399655}
  - 114: {fileID: 139399654}
  m_Layer: 5
  m_Name: AppTitle
  m_TagString: Untagged
  m_Icon: {fileID: 0}
  m_NavMeshLayer: 0
  m_StaticEditorFlags: 0
  m_IsActive: 1
--- !u!224 &139399653
RectTransform:
  m_ObjectHideFlags: 0
  m_PrefabParentObject: {fileID: 22456558, guid: 4dbadbf16a2077241af2691f795dd825,
    type: 2}
  m_PrefabInternal: {fileID: 818651337}
  m_GameObject: {fileID: 139399652}
  m_LocalRotation: {x: 0, y: 0, z: 0, w: 1}
  m_LocalPosition: {x: 0, y: 0, z: 0}
  m_LocalScale: {x: 1, y: 1, z: 1}
  m_LocalEulerAnglesHint: {x: 0, y: 0, z: 0}
  m_Children: []
  m_Father: {fileID: 478804316}
  m_RootOrder: 0
  m_AnchorMin: {x: 0.5, y: 0.5}
  m_AnchorMax: {x: 0.5, y: 0.5}
  m_AnchoredPosition: {x: -0.0049991608, y: -109}
  m_SizeDelta: {x: 695, y: 109}
  m_Pivot: {x: 0.5, y: 0.5}
--- !u!114 &139399654
MonoBehaviour:
  m_ObjectHideFlags: 0
  m_PrefabParentObject: {fileID: 11456550, guid: 4dbadbf16a2077241af2691f795dd825,
    type: 2}
  m_PrefabInternal: {fileID: 818651337}
  m_GameObject: {fileID: 139399652}
  m_Enabled: 1
  m_EditorHideFlags: 0
  m_Script: {fileID: 708705254, guid: f5f67c52d1564df4a8936ccd202a3bd8, type: 3}
  m_Name: 
  m_EditorClassIdentifier: 
  m_Material: {fileID: 0}
  m_Color: {r: 0.85490197, g: 0.85490197, b: 0.85490197, a: 1}
  m_RaycastTarget: 1
  m_OnCullStateChanged:
    m_PersistentCalls:
      m_Calls: []
    m_TypeName: UnityEngine.UI.MaskableGraphic+CullStateChangedEvent, UnityEngine.UI,
      Version=1.0.0.0, Culture=neutral, PublicKeyToken=null
  m_FontData:
    m_Font: {fileID: 12800000, guid: 218956a5c2a6e42d6a60afccf80b002b, type: 3}
    m_FontSize: 40
    m_FontStyle: 0
    m_BestFit: 0
    m_MinSize: 10
    m_MaxSize: 40
    m_Alignment: 0
    m_AlignByGeometry: 0
    m_RichText: 1
    m_HorizontalOverflow: 0
    m_VerticalOverflow: 1
    m_LineSpacing: 1
  m_Text: APP SAMPLE
--- !u!222 &139399655
CanvasRenderer:
  m_ObjectHideFlags: 0
  m_PrefabParentObject: {fileID: 22256560, guid: 4dbadbf16a2077241af2691f795dd825,
    type: 2}
  m_PrefabInternal: {fileID: 818651337}
  m_GameObject: {fileID: 139399652}
--- !u!1 &176939744
GameObject:
  m_ObjectHideFlags: 0
  m_PrefabParentObject: {fileID: 156580, guid: 4dbadbf16a2077241af2691f795dd825, type: 2}
  m_PrefabInternal: {fileID: 818651337}
  serializedVersion: 4
  m_Component:
  - 224: {fileID: 176939745}
  - 222: {fileID: 176939748}
  - 114: {fileID: 176939747}
  - 114: {fileID: 176939746}
  m_Layer: 5
  m_Name: Dot
  m_TagString: Untagged
  m_Icon: {fileID: 0}
  m_NavMeshLayer: 0
  m_StaticEditorFlags: 0
  m_IsActive: 1
--- !u!224 &176939745
RectTransform:
  m_ObjectHideFlags: 0
  m_PrefabParentObject: {fileID: 22456580, guid: 4dbadbf16a2077241af2691f795dd825,
    type: 2}
  m_PrefabInternal: {fileID: 818651337}
  m_GameObject: {fileID: 176939744}
  m_LocalRotation: {x: 0, y: 0, z: 0, w: 1}
  m_LocalPosition: {x: 0, y: 0, z: 0}
  m_LocalScale: {x: 1, y: 1, z: 1}
  m_LocalEulerAnglesHint: {x: 0, y: 0, z: 0}
  m_Children: []
  m_Father: {fileID: 1381749335}
  m_RootOrder: 2
  m_AnchorMin: {x: 0.5, y: 0.5}
  m_AnchorMax: {x: 0.5, y: 0.5}
  m_AnchoredPosition: {x: -265.7, y: 0}
  m_SizeDelta: {x: 10, y: 10}
  m_Pivot: {x: 0.5, y: 0.5}
--- !u!114 &176939746
MonoBehaviour:
  m_ObjectHideFlags: 0
  m_PrefabParentObject: {fileID: 11456576, guid: 4dbadbf16a2077241af2691f795dd825,
    type: 2}
  m_PrefabInternal: {fileID: 818651337}
  m_GameObject: {fileID: 176939744}
  m_Enabled: 1
  m_EditorHideFlags: 0
  m_Script: {fileID: 1392445389, guid: f5f67c52d1564df4a8936ccd202a3bd8, type: 3}
  m_Name: 
  m_EditorClassIdentifier: 
  m_Navigation:
    m_Mode: 3
    m_SelectOnUp: {fileID: 0}
    m_SelectOnDown: {fileID: 0}
    m_SelectOnLeft: {fileID: 0}
    m_SelectOnRight: {fileID: 0}
  m_Transition: 1
  m_Colors:
    m_NormalColor: {r: 1, g: 1, b: 1, a: 1}
    m_HighlightedColor: {r: 0.9607843, g: 0.9607843, b: 0.9607843, a: 1}
    m_PressedColor: {r: 0.78431374, g: 0.78431374, b: 0.78431374, a: 1}
    m_DisabledColor: {r: 0.78431374, g: 0.78431374, b: 0.78431374, a: 0.5019608}
    m_ColorMultiplier: 1
    m_FadeDuration: 0.1
  m_SpriteState:
    m_HighlightedSprite: {fileID: 0}
    m_PressedSprite: {fileID: 0}
    m_DisabledSprite: {fileID: 0}
  m_AnimationTriggers:
    m_NormalTrigger: Normal
    m_HighlightedTrigger: Highlighted
    m_PressedTrigger: Pressed
    m_DisabledTrigger: Disabled
  m_Interactable: 1
  m_TargetGraphic: {fileID: 176939747}
  m_OnClick:
    m_PersistentCalls:
      m_Calls: []
    m_TypeName: UnityEngine.UI.Button+ButtonClickedEvent, UnityEngine.UI, Version=1.0.0.0,
      Culture=neutral, PublicKeyToken=null
--- !u!114 &176939747
MonoBehaviour:
  m_ObjectHideFlags: 0
  m_PrefabParentObject: {fileID: 11456574, guid: 4dbadbf16a2077241af2691f795dd825,
    type: 2}
  m_PrefabInternal: {fileID: 818651337}
  m_GameObject: {fileID: 176939744}
  m_Enabled: 1
  m_EditorHideFlags: 0
  m_Script: {fileID: -765806418, guid: f5f67c52d1564df4a8936ccd202a3bd8, type: 3}
  m_Name: 
  m_EditorClassIdentifier: 
  m_Material: {fileID: 0}
  m_Color: {r: 0.99607843, g: 0.99607843, b: 0.99607843, a: 1}
  m_RaycastTarget: 1
  m_OnCullStateChanged:
    m_PersistentCalls:
      m_Calls: []
    m_TypeName: UnityEngine.UI.MaskableGraphic+CullStateChangedEvent, UnityEngine.UI,
      Version=1.0.0.0, Culture=neutral, PublicKeyToken=null
  m_Sprite: {fileID: 21300000, guid: f04f7faa5cfd8444a9b61e426135725f, type: 3}
  m_Type: 0
  m_PreserveAspect: 0
  m_FillCenter: 1
  m_FillMethod: 4
  m_FillAmount: 1
  m_FillClockwise: 1
  m_FillOrigin: 0
--- !u!222 &176939748
CanvasRenderer:
  m_ObjectHideFlags: 0
  m_PrefabParentObject: {fileID: 22256580, guid: 4dbadbf16a2077241af2691f795dd825,
    type: 2}
  m_PrefabInternal: {fileID: 818651337}
  m_GameObject: {fileID: 176939744}
--- !u!1 &237522471
GameObject:
  m_ObjectHideFlags: 0
  m_PrefabParentObject: {fileID: 156530, guid: 4dbadbf16a2077241af2691f795dd825, type: 2}
  m_PrefabInternal: {fileID: 818651337}
  serializedVersion: 4
  m_Component:
  - 224: {fileID: 237522472}
  - 222: {fileID: 237522474}
  - 114: {fileID: 237522473}
  m_Layer: 5
  m_Name: Panel_4
  m_TagString: Untagged
  m_Icon: {fileID: 0}
  m_NavMeshLayer: 0
  m_StaticEditorFlags: 0
  m_IsActive: 1
--- !u!224 &237522472
RectTransform:
  m_ObjectHideFlags: 0
  m_PrefabParentObject: {fileID: 22456530, guid: 4dbadbf16a2077241af2691f795dd825,
    type: 2}
  m_PrefabInternal: {fileID: 818651337}
  m_GameObject: {fileID: 237522471}
  m_LocalRotation: {x: 0, y: 0, z: 0, w: 1}
  m_LocalPosition: {x: 0, y: 0, z: 0}
  m_LocalScale: {x: 1, y: 1, z: 1}
  m_LocalEulerAnglesHint: {x: 0, y: 0, z: 0}
  m_Children:
  - {fileID: 1510430088}
  - {fileID: 463352579}
  - {fileID: 1654901605}
  m_Father: {fileID: 1843868559}
  m_RootOrder: 6
  m_AnchorMin: {x: 0.5, y: 0.5}
  m_AnchorMax: {x: 0.5, y: 0.5}
  m_AnchoredPosition: {x: 162.5, y: -296}
  m_SizeDelta: {x: 315, y: 545}
  m_Pivot: {x: 0.5, y: 0.5}
--- !u!114 &237522473
MonoBehaviour:
  m_ObjectHideFlags: 0
  m_PrefabParentObject: {fileID: 11456514, guid: 4dbadbf16a2077241af2691f795dd825,
    type: 2}
  m_PrefabInternal: {fileID: 818651337}
  m_GameObject: {fileID: 237522471}
  m_Enabled: 1
  m_EditorHideFlags: 0
  m_Script: {fileID: -765806418, guid: f5f67c52d1564df4a8936ccd202a3bd8, type: 3}
  m_Name: 
  m_EditorClassIdentifier: 
  m_Material: {fileID: 0}
  m_Color: {r: 0.16862746, g: 0.16862746, b: 0.16862746, a: 1}
  m_RaycastTarget: 1
  m_OnCullStateChanged:
    m_PersistentCalls:
      m_Calls: []
    m_TypeName: UnityEngine.UI.MaskableGraphic+CullStateChangedEvent, UnityEngine.UI,
      Version=1.0.0.0, Culture=neutral, PublicKeyToken=null
  m_Sprite: {fileID: 21300000, guid: ae30072a59a25814e8cfe4b1f70242ed, type: 3}
  m_Type: 1
  m_PreserveAspect: 0
  m_FillCenter: 1
  m_FillMethod: 4
  m_FillAmount: 1
  m_FillClockwise: 1
  m_FillOrigin: 0
--- !u!222 &237522474
CanvasRenderer:
  m_ObjectHideFlags: 0
  m_PrefabParentObject: {fileID: 22256532, guid: 4dbadbf16a2077241af2691f795dd825,
    type: 2}
  m_PrefabInternal: {fileID: 818651337}
  m_GameObject: {fileID: 237522471}
--- !u!1 &381967550
GameObject:
  m_ObjectHideFlags: 0
  m_PrefabParentObject: {fileID: 156542, guid: 4dbadbf16a2077241af2691f795dd825, type: 2}
  m_PrefabInternal: {fileID: 818651337}
  serializedVersion: 4
  m_Component:
  - 224: {fileID: 381967551}
  - 222: {fileID: 381967554}
  - 114: {fileID: 381967553}
  - 114: {fileID: 381967552}
  m_Layer: 5
  m_Name: Dot
  m_TagString: Untagged
  m_Icon: {fileID: 0}
  m_NavMeshLayer: 0
  m_StaticEditorFlags: 0
  m_IsActive: 1
--- !u!224 &381967551
RectTransform:
  m_ObjectHideFlags: 0
  m_PrefabParentObject: {fileID: 22456542, guid: 4dbadbf16a2077241af2691f795dd825,
    type: 2}
  m_PrefabInternal: {fileID: 818651337}
  m_GameObject: {fileID: 381967550}
  m_LocalRotation: {x: 0, y: 0, z: 0, w: 1}
  m_LocalPosition: {x: 0, y: 0, z: 0}
  m_LocalScale: {x: 1, y: 1, z: 1}
  m_LocalEulerAnglesHint: {x: 0, y: 0, z: 0}
  m_Children: []
  m_Father: {fileID: 1381749335}
  m_RootOrder: 3
  m_AnchorMin: {x: 0.5, y: 0.5}
  m_AnchorMax: {x: 0.5, y: 0.5}
  m_AnchoredPosition: {x: -252.39, y: 0}
  m_SizeDelta: {x: 10, y: 10}
  m_Pivot: {x: 0.5, y: 0.5}
--- !u!114 &381967552
MonoBehaviour:
  m_ObjectHideFlags: 0
  m_PrefabParentObject: {fileID: 11456528, guid: 4dbadbf16a2077241af2691f795dd825,
    type: 2}
  m_PrefabInternal: {fileID: 818651337}
  m_GameObject: {fileID: 381967550}
  m_Enabled: 1
  m_EditorHideFlags: 0
  m_Script: {fileID: 1392445389, guid: f5f67c52d1564df4a8936ccd202a3bd8, type: 3}
  m_Name: 
  m_EditorClassIdentifier: 
  m_Navigation:
    m_Mode: 3
    m_SelectOnUp: {fileID: 0}
    m_SelectOnDown: {fileID: 0}
    m_SelectOnLeft: {fileID: 0}
    m_SelectOnRight: {fileID: 0}
  m_Transition: 1
  m_Colors:
    m_NormalColor: {r: 1, g: 1, b: 1, a: 1}
    m_HighlightedColor: {r: 0.9607843, g: 0.9607843, b: 0.9607843, a: 1}
    m_PressedColor: {r: 0.78431374, g: 0.78431374, b: 0.78431374, a: 1}
    m_DisabledColor: {r: 0.78431374, g: 0.78431374, b: 0.78431374, a: 0.5019608}
    m_ColorMultiplier: 1
    m_FadeDuration: 0.1
  m_SpriteState:
    m_HighlightedSprite: {fileID: 0}
    m_PressedSprite: {fileID: 0}
    m_DisabledSprite: {fileID: 0}
  m_AnimationTriggers:
    m_NormalTrigger: Normal
    m_HighlightedTrigger: Highlighted
    m_PressedTrigger: Pressed
    m_DisabledTrigger: Disabled
  m_Interactable: 1
  m_TargetGraphic: {fileID: 381967553}
  m_OnClick:
    m_PersistentCalls:
      m_Calls: []
    m_TypeName: UnityEngine.UI.Button+ButtonClickedEvent, UnityEngine.UI, Version=1.0.0.0,
      Culture=neutral, PublicKeyToken=null
--- !u!114 &381967553
MonoBehaviour:
  m_ObjectHideFlags: 0
  m_PrefabParentObject: {fileID: 11456526, guid: 4dbadbf16a2077241af2691f795dd825,
    type: 2}
  m_PrefabInternal: {fileID: 818651337}
  m_GameObject: {fileID: 381967550}
  m_Enabled: 1
  m_EditorHideFlags: 0
  m_Script: {fileID: -765806418, guid: f5f67c52d1564df4a8936ccd202a3bd8, type: 3}
  m_Name: 
  m_EditorClassIdentifier: 
  m_Material: {fileID: 0}
  m_Color: {r: 0.99607843, g: 0.99607843, b: 0.99607843, a: 1}
  m_RaycastTarget: 1
  m_OnCullStateChanged:
    m_PersistentCalls:
      m_Calls: []
    m_TypeName: UnityEngine.UI.MaskableGraphic+CullStateChangedEvent, UnityEngine.UI,
      Version=1.0.0.0, Culture=neutral, PublicKeyToken=null
  m_Sprite: {fileID: 21300000, guid: 5908bdcd265c5724fa04973af4137dcb, type: 3}
  m_Type: 0
  m_PreserveAspect: 0
  m_FillCenter: 1
  m_FillMethod: 4
  m_FillAmount: 1
  m_FillClockwise: 1
  m_FillOrigin: 0
--- !u!222 &381967554
CanvasRenderer:
  m_ObjectHideFlags: 0
  m_PrefabParentObject: {fileID: 22256544, guid: 4dbadbf16a2077241af2691f795dd825,
    type: 2}
  m_PrefabInternal: {fileID: 818651337}
  m_GameObject: {fileID: 381967550}
--- !u!1 &406877977
GameObject:
  m_ObjectHideFlags: 0
  m_PrefabParentObject: {fileID: 156566, guid: 4dbadbf16a2077241af2691f795dd825, type: 2}
  m_PrefabInternal: {fileID: 818651337}
  serializedVersion: 4
  m_Component:
  - 224: {fileID: 406877978}
  - 222: {fileID: 406877980}
  - 114: {fileID: 406877979}
  m_Layer: 5
  m_Name: Text
  m_TagString: Untagged
  m_Icon: {fileID: 0}
  m_NavMeshLayer: 0
  m_StaticEditorFlags: 0
  m_IsActive: 1
--- !u!224 &406877978
RectTransform:
  m_ObjectHideFlags: 0
  m_PrefabParentObject: {fileID: 22456566, guid: 4dbadbf16a2077241af2691f795dd825,
    type: 2}
  m_PrefabInternal: {fileID: 818651337}
  m_GameObject: {fileID: 406877977}
  m_LocalRotation: {x: 0, y: 0, z: 0, w: 1}
  m_LocalPosition: {x: 0, y: 0, z: 0}
  m_LocalScale: {x: 1, y: 1, z: 1}
  m_LocalEulerAnglesHint: {x: 0, y: 0, z: 0}
  m_Children: []
  m_Father: {fileID: 882807484}
  m_RootOrder: 1
  m_AnchorMin: {x: 0.5, y: 0.5}
  m_AnchorMax: {x: 0.5, y: 0.5}
  m_AnchoredPosition: {x: 64.5, y: -134}
  m_SizeDelta: {x: 84.3, y: 30}
  m_Pivot: {x: 0.5, y: 0.5}
--- !u!114 &406877979
MonoBehaviour:
  m_ObjectHideFlags: 0
  m_PrefabParentObject: {fileID: 11456558, guid: 4dbadbf16a2077241af2691f795dd825,
    type: 2}
  m_PrefabInternal: {fileID: 818651337}
  m_GameObject: {fileID: 406877977}
  m_Enabled: 1
  m_EditorHideFlags: 0
  m_Script: {fileID: 708705254, guid: f5f67c52d1564df4a8936ccd202a3bd8, type: 3}
  m_Name: 
  m_EditorClassIdentifier: 
  m_Material: {fileID: 0}
  m_Color: {r: 1, g: 1, b: 1, a: 1}
  m_RaycastTarget: 1
  m_OnCullStateChanged:
    m_PersistentCalls:
      m_Calls: []
    m_TypeName: UnityEngine.UI.MaskableGraphic+CullStateChangedEvent, UnityEngine.UI,
      Version=1.0.0.0, Culture=neutral, PublicKeyToken=null
  m_FontData:
    m_Font: {fileID: 12800000, guid: bd1ea67ca2b5742d1a24fcbdc17c55e1, type: 3}
    m_FontSize: 13
    m_FontStyle: 0
    m_BestFit: 0
    m_MinSize: 10
    m_MaxSize: 40
    m_Alignment: 0
    m_AlignByGeometry: 0
    m_RichText: 1
    m_HorizontalOverflow: 0
    m_VerticalOverflow: 0
    m_LineSpacing: 1
  m_Text: "64\u02DA"
--- !u!222 &406877980
CanvasRenderer:
  m_ObjectHideFlags: 0
  m_PrefabParentObject: {fileID: 22256568, guid: 4dbadbf16a2077241af2691f795dd825,
    type: 2}
  m_PrefabInternal: {fileID: 818651337}
  m_GameObject: {fileID: 406877977}
--- !u!1 &446385466
GameObject:
  m_ObjectHideFlags: 0
  m_PrefabParentObject: {fileID: 156540, guid: 4dbadbf16a2077241af2691f795dd825, type: 2}
  m_PrefabInternal: {fileID: 818651337}
  serializedVersion: 4
  m_Component:
  - 224: {fileID: 446385467}
  - 222: {fileID: 446385469}
  - 114: {fileID: 446385468}
  m_Layer: 5
  m_Name: Icon
  m_TagString: Untagged
  m_Icon: {fileID: 0}
  m_NavMeshLayer: 0
  m_StaticEditorFlags: 0
  m_IsActive: 1
--- !u!224 &446385467
RectTransform:
  m_ObjectHideFlags: 0
  m_PrefabParentObject: {fileID: 22456540, guid: 4dbadbf16a2077241af2691f795dd825,
    type: 2}
  m_PrefabInternal: {fileID: 818651337}
  m_GameObject: {fileID: 446385466}
  m_LocalRotation: {x: 0, y: 0, z: 0, w: 1}
  m_LocalPosition: {x: 0, y: 0, z: 0}
  m_LocalScale: {x: 1, y: 1, z: 1}
  m_LocalEulerAnglesHint: {x: 0, y: 0, z: 0}
  m_Children: []
  m_Father: {fileID: 1523589017}
  m_RootOrder: 0
  m_AnchorMin: {x: 0, y: 0}
  m_AnchorMax: {x: 0, y: 0}
  m_AnchoredPosition: {x: 157.5, y: 280}
  m_SizeDelta: {x: 184, y: 176}
  m_Pivot: {x: 0.5, y: 0.5}
--- !u!114 &446385468
MonoBehaviour:
  m_ObjectHideFlags: 0
  m_PrefabParentObject: {fileID: 11456524, guid: 4dbadbf16a2077241af2691f795dd825,
    type: 2}
  m_PrefabInternal: {fileID: 818651337}
  m_GameObject: {fileID: 446385466}
  m_Enabled: 1
  m_EditorHideFlags: 0
  m_Script: {fileID: -765806418, guid: f5f67c52d1564df4a8936ccd202a3bd8, type: 3}
  m_Name: 
  m_EditorClassIdentifier: 
  m_Material: {fileID: 0}
  m_Color: {r: 1, g: 1, b: 1, a: 1}
  m_RaycastTarget: 1
  m_OnCullStateChanged:
    m_PersistentCalls:
      m_Calls: []
    m_TypeName: UnityEngine.UI.MaskableGraphic+CullStateChangedEvent, UnityEngine.UI,
      Version=1.0.0.0, Culture=neutral, PublicKeyToken=null
  m_Sprite: {fileID: 21300000, guid: f3ebbb32a8a321b459604eb66e0f590c, type: 3}
  m_Type: 0
  m_PreserveAspect: 0
  m_FillCenter: 1
  m_FillMethod: 4
  m_FillAmount: 1
  m_FillClockwise: 1
  m_FillOrigin: 0
--- !u!222 &446385469
CanvasRenderer:
  m_ObjectHideFlags: 0
  m_PrefabParentObject: {fileID: 22256542, guid: 4dbadbf16a2077241af2691f795dd825,
    type: 2}
  m_PrefabInternal: {fileID: 818651337}
  m_GameObject: {fileID: 446385466}
--- !u!1 &454637477
GameObject:
  m_ObjectHideFlags: 0
  m_PrefabParentObject: {fileID: 156584, guid: 4dbadbf16a2077241af2691f795dd825, type: 2}
  m_PrefabInternal: {fileID: 818651337}
  serializedVersion: 4
  m_Component:
  - 224: {fileID: 454637478}
  - 222: {fileID: 454637480}
  - 114: {fileID: 454637479}
  m_Layer: 5
  m_Name: Text
  m_TagString: Untagged
  m_Icon: {fileID: 0}
  m_NavMeshLayer: 0
  m_StaticEditorFlags: 0
  m_IsActive: 1
--- !u!224 &454637478
RectTransform:
  m_ObjectHideFlags: 0
  m_PrefabParentObject: {fileID: 22456584, guid: 4dbadbf16a2077241af2691f795dd825,
    type: 2}
  m_PrefabInternal: {fileID: 818651337}
  m_GameObject: {fileID: 454637477}
  m_LocalRotation: {x: 0, y: 0, z: 0, w: 1}
  m_LocalPosition: {x: 0, y: 0, z: 0}
  m_LocalScale: {x: 1, y: 1, z: 1}
  m_LocalEulerAnglesHint: {x: 0, y: 0, z: 0}
  m_Children: []
  m_Father: {fileID: 974891266}
  m_RootOrder: 1
  m_AnchorMin: {x: 0.5, y: 0.5}
  m_AnchorMax: {x: 0.5, y: 0.5}
  m_AnchoredPosition: {x: -14.5, y: -119.4}
  m_SizeDelta: {x: 50.5, y: 30}
  m_Pivot: {x: 0.5, y: 0.5}
--- !u!114 &454637479
MonoBehaviour:
  m_ObjectHideFlags: 0
  m_PrefabParentObject: {fileID: 11456580, guid: 4dbadbf16a2077241af2691f795dd825,
    type: 2}
  m_PrefabInternal: {fileID: 818651337}
  m_GameObject: {fileID: 454637477}
  m_Enabled: 1
  m_EditorHideFlags: 0
  m_Script: {fileID: 708705254, guid: f5f67c52d1564df4a8936ccd202a3bd8, type: 3}
  m_Name: 
  m_EditorClassIdentifier: 
  m_Material: {fileID: 0}
  m_Color: {r: 1, g: 1, b: 1, a: 1}
  m_RaycastTarget: 1
  m_OnCullStateChanged:
    m_PersistentCalls:
      m_Calls: []
    m_TypeName: UnityEngine.UI.MaskableGraphic+CullStateChangedEvent, UnityEngine.UI,
      Version=1.0.0.0, Culture=neutral, PublicKeyToken=null
  m_FontData:
    m_Font: {fileID: 12800000, guid: 218956a5c2a6e42d6a60afccf80b002b, type: 3}
    m_FontSize: 13
    m_FontStyle: 0
    m_BestFit: 0
    m_MinSize: 10
    m_MaxSize: 40
    m_Alignment: 0
    m_AlignByGeometry: 0
    m_RichText: 1
    m_HorizontalOverflow: 0
    m_VerticalOverflow: 0
    m_LineSpacing: 1
  m_Text: "Pozna\u0144"
--- !u!222 &454637480
CanvasRenderer:
  m_ObjectHideFlags: 0
  m_PrefabParentObject: {fileID: 22256584, guid: 4dbadbf16a2077241af2691f795dd825,
    type: 2}
  m_PrefabInternal: {fileID: 818651337}
  m_GameObject: {fileID: 454637477}
--- !u!1 &463352578
GameObject:
  m_ObjectHideFlags: 0
  m_PrefabParentObject: {fileID: 156562, guid: 4dbadbf16a2077241af2691f795dd825, type: 2}
  m_PrefabInternal: {fileID: 818651337}
  serializedVersion: 4
  m_Component:
  - 224: {fileID: 463352579}
  - 222: {fileID: 463352581}
  - 114: {fileID: 463352580}
  m_Layer: 5
  m_Name: Text
  m_TagString: Untagged
  m_Icon: {fileID: 0}
  m_NavMeshLayer: 0
  m_StaticEditorFlags: 0
  m_IsActive: 1
--- !u!224 &463352579
RectTransform:
  m_ObjectHideFlags: 0
  m_PrefabParentObject: {fileID: 22456562, guid: 4dbadbf16a2077241af2691f795dd825,
    type: 2}
  m_PrefabInternal: {fileID: 818651337}
  m_GameObject: {fileID: 463352578}
  m_LocalRotation: {x: 0, y: 0, z: 0, w: 1}
  m_LocalPosition: {x: 0, y: 0, z: 0}
  m_LocalScale: {x: 1, y: 1, z: 1}
  m_LocalEulerAnglesHint: {x: 0, y: 0, z: 0}
  m_Children: []
  m_Father: {fileID: 237522472}
  m_RootOrder: 1
  m_AnchorMin: {x: 0.5, y: 0.5}
  m_AnchorMax: {x: 0.5, y: 0.5}
  m_AnchoredPosition: {x: -3.1, y: -133.5}
  m_SizeDelta: {x: 76.3, y: 30}
  m_Pivot: {x: 0.5, y: 0.5}
--- !u!114 &463352580
MonoBehaviour:
  m_ObjectHideFlags: 0
  m_PrefabParentObject: {fileID: 11456554, guid: 4dbadbf16a2077241af2691f795dd825,
    type: 2}
  m_PrefabInternal: {fileID: 818651337}
  m_GameObject: {fileID: 463352578}
  m_Enabled: 1
  m_EditorHideFlags: 0
  m_Script: {fileID: 708705254, guid: f5f67c52d1564df4a8936ccd202a3bd8, type: 3}
  m_Name: 
  m_EditorClassIdentifier: 
  m_Material: {fileID: 0}
  m_Color: {r: 1, g: 1, b: 1, a: 1}
  m_RaycastTarget: 1
  m_OnCullStateChanged:
    m_PersistentCalls:
      m_Calls: []
    m_TypeName: UnityEngine.UI.MaskableGraphic+CullStateChangedEvent, UnityEngine.UI,
      Version=1.0.0.0, Culture=neutral, PublicKeyToken=null
  m_FontData:
    m_Font: {fileID: 12800000, guid: 218956a5c2a6e42d6a60afccf80b002b, type: 3}
    m_FontSize: 13
    m_FontStyle: 0
    m_BestFit: 0
    m_MinSize: 10
    m_MaxSize: 40
    m_Alignment: 0
    m_AlignByGeometry: 0
    m_RichText: 1
    m_HorizontalOverflow: 0
    m_VerticalOverflow: 0
    m_LineSpacing: 1
  m_Text: Los Angeles
--- !u!222 &463352581
CanvasRenderer:
  m_ObjectHideFlags: 0
  m_PrefabParentObject: {fileID: 22256564, guid: 4dbadbf16a2077241af2691f795dd825,
    type: 2}
  m_PrefabInternal: {fileID: 818651337}
  m_GameObject: {fileID: 463352578}
--- !u!1 &478804315
GameObject:
  m_ObjectHideFlags: 0
  m_PrefabParentObject: {fileID: 156578, guid: 4dbadbf16a2077241af2691f795dd825, type: 2}
  m_PrefabInternal: {fileID: 818651337}
  serializedVersion: 4
  m_Component:
  - 224: {fileID: 478804316}
  - 222: {fileID: 478804318}
  - 114: {fileID: 478804317}
  m_Layer: 5
  m_Name: AppTitle
  m_TagString: Untagged
  m_Icon: {fileID: 0}
  m_NavMeshLayer: 0
  m_StaticEditorFlags: 0
  m_IsActive: 1
--- !u!224 &478804316
RectTransform:
  m_ObjectHideFlags: 0
  m_PrefabParentObject: {fileID: 22456578, guid: 4dbadbf16a2077241af2691f795dd825,
    type: 2}
  m_PrefabInternal: {fileID: 818651337}
  m_GameObject: {fileID: 478804315}
  m_LocalRotation: {x: 0, y: 0, z: 0, w: 1}
  m_LocalPosition: {x: 0, y: 0, z: 0}
  m_LocalScale: {x: 1, y: 1, z: 1}
  m_LocalEulerAnglesHint: {x: 0, y: 0, z: 0}
  m_Children:
  - {fileID: 139399653}
  m_Father: {fileID: 1843868559}
  m_RootOrder: 0
  m_AnchorMin: {x: 0.5, y: 0.5}
  m_AnchorMax: {x: 0.5, y: 0.5}
  m_AnchoredPosition: {x: 27.495, y: 689}
  m_SizeDelta: {x: 695, y: 109}
  m_Pivot: {x: 0.5, y: 0.5}
--- !u!114 &478804317
MonoBehaviour:
  m_ObjectHideFlags: 0
  m_PrefabParentObject: {fileID: 11456572, guid: 4dbadbf16a2077241af2691f795dd825,
    type: 2}
  m_PrefabInternal: {fileID: 818651337}
  m_GameObject: {fileID: 478804315}
  m_Enabled: 1
  m_EditorHideFlags: 0
  m_Script: {fileID: 708705254, guid: f5f67c52d1564df4a8936ccd202a3bd8, type: 3}
  m_Name: 
  m_EditorClassIdentifier: 
  m_Material: {fileID: 0}
  m_Color: {r: 0.85490197, g: 0.85490197, b: 0.85490197, a: 1}
  m_RaycastTarget: 1
  m_OnCullStateChanged:
    m_PersistentCalls:
      m_Calls: []
    m_TypeName: UnityEngine.UI.MaskableGraphic+CullStateChangedEvent, UnityEngine.UI,
      Version=1.0.0.0, Culture=neutral, PublicKeyToken=null
  m_FontData:
    m_Font: {fileID: 12800000, guid: 218956a5c2a6e42d6a60afccf80b002b, type: 3}
    m_FontSize: 102
    m_FontStyle: 0
    m_BestFit: 0
    m_MinSize: 10
    m_MaxSize: 102
    m_Alignment: 0
    m_AlignByGeometry: 0
    m_RichText: 1
    m_HorizontalOverflow: 0
    m_VerticalOverflow: 1
    m_LineSpacing: 1
  m_Text: WEATHER
--- !u!222 &478804318
CanvasRenderer:
  m_ObjectHideFlags: 0
  m_PrefabParentObject: {fileID: 22256578, guid: 4dbadbf16a2077241af2691f795dd825,
    type: 2}
  m_PrefabInternal: {fileID: 818651337}
  m_GameObject: {fileID: 478804315}
--- !u!1 &616693617
GameObject:
  m_ObjectHideFlags: 0
  m_PrefabParentObject: {fileID: 156550, guid: 4dbadbf16a2077241af2691f795dd825, type: 2}
  m_PrefabInternal: {fileID: 818651337}
  serializedVersion: 4
  m_Component:
  - 224: {fileID: 616693618}
  - 222: {fileID: 616693620}
  - 114: {fileID: 616693619}
  m_Layer: 5
  m_Name: Text
  m_TagString: Untagged
  m_Icon: {fileID: 0}
  m_NavMeshLayer: 0
  m_StaticEditorFlags: 0
  m_IsActive: 1
--- !u!224 &616693618
RectTransform:
  m_ObjectHideFlags: 0
  m_PrefabParentObject: {fileID: 22456550, guid: 4dbadbf16a2077241af2691f795dd825,
    type: 2}
  m_PrefabInternal: {fileID: 818651337}
  m_GameObject: {fileID: 616693617}
  m_LocalRotation: {x: 0, y: 0, z: 0, w: 1}
  m_LocalPosition: {x: 0, y: 0, z: 0}
  m_LocalScale: {x: 1, y: 1, z: 1}
  m_LocalEulerAnglesHint: {x: 0, y: 0, z: 0}
  m_Children: []
  m_Father: {fileID: 1523589017}
  m_RootOrder: 2
  m_AnchorMin: {x: 0.5, y: 0.5}
  m_AnchorMax: {x: 0.5, y: 0.5}
  m_AnchoredPosition: {x: -10.2, y: -119.4}
  m_SizeDelta: {x: 62.1, y: 30}
  m_Pivot: {x: 0.5, y: 0.5}
--- !u!114 &616693619
MonoBehaviour:
  m_ObjectHideFlags: 0
  m_PrefabParentObject: {fileID: 11456540, guid: 4dbadbf16a2077241af2691f795dd825,
    type: 2}
  m_PrefabInternal: {fileID: 818651337}
  m_GameObject: {fileID: 616693617}
  m_Enabled: 1
  m_EditorHideFlags: 0
  m_Script: {fileID: 708705254, guid: f5f67c52d1564df4a8936ccd202a3bd8, type: 3}
  m_Name: 
  m_EditorClassIdentifier: 
  m_Material: {fileID: 0}
  m_Color: {r: 1, g: 1, b: 1, a: 1}
  m_RaycastTarget: 1
  m_OnCullStateChanged:
    m_PersistentCalls:
      m_Calls: []
    m_TypeName: UnityEngine.UI.MaskableGraphic+CullStateChangedEvent, UnityEngine.UI,
      Version=1.0.0.0, Culture=neutral, PublicKeyToken=null
  m_FontData:
    m_Font: {fileID: 12800000, guid: 218956a5c2a6e42d6a60afccf80b002b, type: 3}
    m_FontSize: 13
    m_FontStyle: 0
    m_BestFit: 0
    m_MinSize: 10
    m_MaxSize: 40
    m_Alignment: 0
    m_AlignByGeometry: 0
    m_RichText: 1
    m_HorizontalOverflow: 0
    m_VerticalOverflow: 0
    m_LineSpacing: 1
  m_Text: New York
--- !u!222 &616693620
CanvasRenderer:
  m_ObjectHideFlags: 0
  m_PrefabParentObject: {fileID: 22256552, guid: 4dbadbf16a2077241af2691f795dd825,
    type: 2}
  m_PrefabInternal: {fileID: 818651337}
  m_GameObject: {fileID: 616693617}
--- !u!1001 &818651337
Prefab:
  m_ObjectHideFlags: 0
  serializedVersion: 2
  m_Modification:
    m_TransformParent: {fileID: 0}
    m_Modifications:
    - target: {fileID: 22456572, guid: 4dbadbf16a2077241af2691f795dd825, type: 2}
      propertyPath: m_LocalPosition.x
      value: 0
      objectReference: {fileID: 0}
    - target: {fileID: 22456572, guid: 4dbadbf16a2077241af2691f795dd825, type: 2}
      propertyPath: m_LocalPosition.y
      value: 0
      objectReference: {fileID: 0}
    - target: {fileID: 22456572, guid: 4dbadbf16a2077241af2691f795dd825, type: 2}
      propertyPath: m_LocalPosition.z
      value: 0
      objectReference: {fileID: 0}
    - target: {fileID: 22456572, guid: 4dbadbf16a2077241af2691f795dd825, type: 2}
      propertyPath: m_LocalRotation.x
      value: 0
      objectReference: {fileID: 0}
    - target: {fileID: 22456572, guid: 4dbadbf16a2077241af2691f795dd825, type: 2}
      propertyPath: m_LocalRotation.y
      value: 0
      objectReference: {fileID: 0}
    - target: {fileID: 22456572, guid: 4dbadbf16a2077241af2691f795dd825, type: 2}
      propertyPath: m_LocalRotation.z
      value: 0
      objectReference: {fileID: 0}
    - target: {fileID: 22456572, guid: 4dbadbf16a2077241af2691f795dd825, type: 2}
      propertyPath: m_LocalRotation.w
      value: 1
      objectReference: {fileID: 0}
    - target: {fileID: 22456572, guid: 4dbadbf16a2077241af2691f795dd825, type: 2}
      propertyPath: m_RootOrder
      value: 0
      objectReference: {fileID: 0}
    - target: {fileID: 22456572, guid: 4dbadbf16a2077241af2691f795dd825, type: 2}
      propertyPath: m_AnchoredPosition.x
      value: 0
      objectReference: {fileID: 0}
    - target: {fileID: 22456572, guid: 4dbadbf16a2077241af2691f795dd825, type: 2}
      propertyPath: m_AnchoredPosition.y
      value: 0
      objectReference: {fileID: 0}
    - target: {fileID: 22456572, guid: 4dbadbf16a2077241af2691f795dd825, type: 2}
      propertyPath: m_SizeDelta.x
      value: 0
      objectReference: {fileID: 0}
    - target: {fileID: 22456572, guid: 4dbadbf16a2077241af2691f795dd825, type: 2}
      propertyPath: m_SizeDelta.y
      value: 0
      objectReference: {fileID: 0}
    - target: {fileID: 22456572, guid: 4dbadbf16a2077241af2691f795dd825, type: 2}
      propertyPath: m_AnchorMin.x
      value: 0
      objectReference: {fileID: 0}
    - target: {fileID: 22456572, guid: 4dbadbf16a2077241af2691f795dd825, type: 2}
      propertyPath: m_AnchorMin.y
      value: 0
      objectReference: {fileID: 0}
    - target: {fileID: 22456572, guid: 4dbadbf16a2077241af2691f795dd825, type: 2}
      propertyPath: m_AnchorMax.x
      value: 0
      objectReference: {fileID: 0}
    - target: {fileID: 22456572, guid: 4dbadbf16a2077241af2691f795dd825, type: 2}
      propertyPath: m_AnchorMax.y
      value: 0
      objectReference: {fileID: 0}
    - target: {fileID: 22456572, guid: 4dbadbf16a2077241af2691f795dd825, type: 2}
      propertyPath: m_Pivot.x
      value: 0
      objectReference: {fileID: 0}
    - target: {fileID: 22456572, guid: 4dbadbf16a2077241af2691f795dd825, type: 2}
      propertyPath: m_Pivot.y
      value: 0
      objectReference: {fileID: 0}
    m_RemovedComponents: []
  m_ParentPrefab: {fileID: 100100000, guid: 4dbadbf16a2077241af2691f795dd825, type: 2}
  m_RootGameObject: {fileID: 1843868555}
  m_IsPrefabParent: 0
--- !u!1 &830775298
GameObject:
  m_ObjectHideFlags: 0
  m_PrefabParentObject: {fileID: 156570, guid: 4dbadbf16a2077241af2691f795dd825, type: 2}
  m_PrefabInternal: {fileID: 818651337}
  serializedVersion: 4
  m_Component:
  - 224: {fileID: 830775299}
  - 222: {fileID: 830775301}
  - 114: {fileID: 830775300}
  m_Layer: 5
  m_Name: Text
  m_TagString: Untagged
  m_Icon: {fileID: 0}
  m_NavMeshLayer: 0
  m_StaticEditorFlags: 0
  m_IsActive: 1
--- !u!224 &830775299
RectTransform:
  m_ObjectHideFlags: 0
  m_PrefabParentObject: {fileID: 22456570, guid: 4dbadbf16a2077241af2691f795dd825,
    type: 2}
  m_PrefabInternal: {fileID: 818651337}
  m_GameObject: {fileID: 830775298}
  m_LocalRotation: {x: 0, y: 0, z: 0, w: 1}
  m_LocalPosition: {x: 0, y: 0, z: 0}
  m_LocalScale: {x: 1, y: 1, z: 1}
  m_LocalEulerAnglesHint: {x: 0, y: 0, z: 0}
  m_Children: []
  m_Father: {fileID: 1381749335}
  m_RootOrder: 7
  m_AnchorMin: {x: 0.5, y: 0.5}
  m_AnchorMax: {x: 0.5, y: 0.5}
  m_AnchoredPosition: {x: 0.000011444092, y: 0}
  m_SizeDelta: {x: 65.6, y: 37.5}
  m_Pivot: {x: 0.5, y: 0.5}
--- !u!114 &830775300
MonoBehaviour:
  m_ObjectHideFlags: 0
  m_PrefabParentObject: {fileID: 11456562, guid: 4dbadbf16a2077241af2691f795dd825,
    type: 2}
  m_PrefabInternal: {fileID: 818651337}
  m_GameObject: {fileID: 830775298}
  m_Enabled: 1
  m_EditorHideFlags: 0
  m_Script: {fileID: 708705254, guid: f5f67c52d1564df4a8936ccd202a3bd8, type: 3}
  m_Name: 
  m_EditorClassIdentifier: 
  m_Material: {fileID: 0}
  m_Color: {r: 0.99607843, g: 0.99607843, b: 0.99607843, a: 1}
  m_RaycastTarget: 1
  m_OnCullStateChanged:
    m_PersistentCalls:
      m_Calls: []
    m_TypeName: UnityEngine.UI.MaskableGraphic+CullStateChangedEvent, UnityEngine.UI,
      Version=1.0.0.0, Culture=neutral, PublicKeyToken=null
  m_FontData:
    m_Font: {fileID: 12800000, guid: bd1ea67ca2b5742d1a24fcbdc17c55e1, type: 3}
    m_FontSize: 15
    m_FontStyle: 0
    m_BestFit: 0
    m_MinSize: 10
    m_MaxSize: 40
    m_Alignment: 4
    m_AlignByGeometry: 0
    m_RichText: 1
    m_HorizontalOverflow: 0
    m_VerticalOverflow: 0
    m_LineSpacing: 1
  m_Text: 05:30AM
--- !u!222 &830775301
CanvasRenderer:
  m_ObjectHideFlags: 0
  m_PrefabParentObject: {fileID: 22256572, guid: 4dbadbf16a2077241af2691f795dd825,
    type: 2}
  m_PrefabInternal: {fileID: 818651337}
  m_GameObject: {fileID: 830775298}
--- !u!1 &882807483
GameObject:
  m_ObjectHideFlags: 0
  m_PrefabParentObject: {fileID: 156556, guid: 4dbadbf16a2077241af2691f795dd825, type: 2}
  m_PrefabInternal: {fileID: 818651337}
  serializedVersion: 4
  m_Component:
  - 224: {fileID: 882807484}
  - 222: {fileID: 882807486}
  - 114: {fileID: 882807485}
  m_Layer: 5
  m_Name: Panel_3
  m_TagString: Untagged
  m_Icon: {fileID: 0}
  m_NavMeshLayer: 0
  m_StaticEditorFlags: 0
  m_IsActive: 1
--- !u!224 &882807484
RectTransform:
  m_ObjectHideFlags: 0
  m_PrefabParentObject: {fileID: 22456556, guid: 4dbadbf16a2077241af2691f795dd825,
    type: 2}
  m_PrefabInternal: {fileID: 818651337}
  m_GameObject: {fileID: 882807483}
  m_LocalRotation: {x: 0, y: 0, z: 0, w: 1}
  m_LocalPosition: {x: 0, y: 0, z: 0}
  m_LocalScale: {x: 1, y: 1, z: 1}
  m_LocalEulerAnglesHint: {x: 0, y: 0, z: 0}
  m_Children:
  - {fileID: 2022417148}
  - {fileID: 406877978}
  - {fileID: 1923898478}
  m_Father: {fileID: 1843868559}
  m_RootOrder: 5
  m_AnchorMin: {x: 0.5, y: 0.5}
  m_AnchorMax: {x: 0.5, y: 0.5}
  m_AnchoredPosition: {x: -162.5, y: -295.5}
  m_SizeDelta: {x: 315, y: 545}
  m_Pivot: {x: 0.5, y: 0.5}
--- !u!114 &882807485
MonoBehaviour:
  m_ObjectHideFlags: 0
  m_PrefabParentObject: {fileID: 11456548, guid: 4dbadbf16a2077241af2691f795dd825,
    type: 2}
  m_PrefabInternal: {fileID: 818651337}
  m_GameObject: {fileID: 882807483}
  m_Enabled: 1
  m_EditorHideFlags: 0
  m_Script: {fileID: -765806418, guid: f5f67c52d1564df4a8936ccd202a3bd8, type: 3}
  m_Name: 
  m_EditorClassIdentifier: 
  m_Material: {fileID: 0}
  m_Color: {r: 0.17165874, g: 0.9338235, b: 0.55536926, a: 1}
  m_RaycastTarget: 1
  m_OnCullStateChanged:
    m_PersistentCalls:
      m_Calls: []
    m_TypeName: UnityEngine.UI.MaskableGraphic+CullStateChangedEvent, UnityEngine.UI,
      Version=1.0.0.0, Culture=neutral, PublicKeyToken=null
  m_Sprite: {fileID: 21300000, guid: ae30072a59a25814e8cfe4b1f70242ed, type: 3}
  m_Type: 1
  m_PreserveAspect: 0
  m_FillCenter: 1
  m_FillMethod: 4
  m_FillAmount: 1
  m_FillClockwise: 1
  m_FillOrigin: 0
--- !u!222 &882807486
CanvasRenderer:
  m_ObjectHideFlags: 0
  m_PrefabParentObject: {fileID: 22256558, guid: 4dbadbf16a2077241af2691f795dd825,
    type: 2}
  m_PrefabInternal: {fileID: 818651337}
  m_GameObject: {fileID: 882807483}
--- !u!1 &974891265
GameObject:
  m_ObjectHideFlags: 0
  m_PrefabParentObject: {fileID: 156534, guid: 4dbadbf16a2077241af2691f795dd825, type: 2}
  m_PrefabInternal: {fileID: 818651337}
  serializedVersion: 4
  m_Component:
  - 224: {fileID: 974891266}
  - 222: {fileID: 974891268}
  - 114: {fileID: 974891267}
  m_Layer: 5
  m_Name: Panel_1
  m_TagString: Untagged
  m_Icon: {fileID: 0}
  m_NavMeshLayer: 0
  m_StaticEditorFlags: 0
  m_IsActive: 1
--- !u!224 &974891266
RectTransform:
  m_ObjectHideFlags: 0
  m_PrefabParentObject: {fileID: 22456534, guid: 4dbadbf16a2077241af2691f795dd825,
    type: 2}
  m_PrefabInternal: {fileID: 818651337}
  m_GameObject: {fileID: 974891265}
  m_LocalRotation: {x: 0, y: 0, z: 0, w: 1}
  m_LocalPosition: {x: 0, y: 0, z: 0}
  m_LocalScale: {x: 1, y: 1, z: 1}
  m_LocalEulerAnglesHint: {x: 0, y: 0, z: 0}
  m_Children:
  - {fileID: 1097844610}
  - {fileID: 454637478}
  - {fileID: 1537954680}
  - {fileID: 1900104133}
  m_Father: {fileID: 1843868559}
  m_RootOrder: 3
  m_AnchorMin: {x: 0.5, y: 0.5}
  m_AnchorMax: {x: 0.5, y: 0.5}
  m_AnchoredPosition: {x: -162.5, y: 258.05}
  m_SizeDelta: {x: 315, y: 545}
  m_Pivot: {x: 0.5, y: 0.5}
--- !u!114 &974891267
MonoBehaviour:
  m_ObjectHideFlags: 0
  m_PrefabParentObject: {fileID: 11456518, guid: 4dbadbf16a2077241af2691f795dd825,
    type: 2}
  m_PrefabInternal: {fileID: 818651337}
  m_GameObject: {fileID: 974891265}
  m_Enabled: 1
  m_EditorHideFlags: 0
  m_Script: {fileID: -765806418, guid: f5f67c52d1564df4a8936ccd202a3bd8, type: 3}
  m_Name: 
  m_EditorClassIdentifier: 
  m_Material: {fileID: 0}
  m_Color: {r: 0.16862746, g: 0.16862746, b: 0.16862746, a: 1}
  m_RaycastTarget: 1
  m_OnCullStateChanged:
    m_PersistentCalls:
      m_Calls: []
    m_TypeName: UnityEngine.UI.MaskableGraphic+CullStateChangedEvent, UnityEngine.UI,
      Version=1.0.0.0, Culture=neutral, PublicKeyToken=null
  m_Sprite: {fileID: 21300000, guid: ae30072a59a25814e8cfe4b1f70242ed, type: 3}
  m_Type: 1
  m_PreserveAspect: 0
  m_FillCenter: 1
  m_FillMethod: 4
  m_FillAmount: 1
  m_FillClockwise: 1
  m_FillOrigin: 0
--- !u!222 &974891268
CanvasRenderer:
  m_ObjectHideFlags: 0
  m_PrefabParentObject: {fileID: 22256536, guid: 4dbadbf16a2077241af2691f795dd825,
    type: 2}
  m_PrefabInternal: {fileID: 818651337}
  m_GameObject: {fileID: 974891265}
--- !u!1 &992638430
GameObject:
  m_ObjectHideFlags: 0
  m_PrefabParentObject: {fileID: 156532, guid: 4dbadbf16a2077241af2691f795dd825, type: 2}
  m_PrefabInternal: {fileID: 818651337}
  serializedVersion: 4
  m_Component:
  - 224: {fileID: 992638431}
  - 222: {fileID: 992638433}
  - 114: {fileID: 992638432}
  m_Layer: 5
  m_Name: Battery
  m_TagString: Untagged
  m_Icon: {fileID: 0}
  m_NavMeshLayer: 0
  m_StaticEditorFlags: 0
  m_IsActive: 1
--- !u!224 &992638431
RectTransform:
  m_ObjectHideFlags: 0
  m_PrefabParentObject: {fileID: 22456532, guid: 4dbadbf16a2077241af2691f795dd825,
    type: 2}
  m_PrefabInternal: {fileID: 818651337}
  m_GameObject: {fileID: 992638430}
  m_LocalRotation: {x: 0, y: 0, z: 0, w: 1}
  m_LocalPosition: {x: 0, y: 0, z: 0}
  m_LocalScale: {x: 1, y: 1, z: 1}
  m_LocalEulerAnglesHint: {x: 0, y: 0, z: 0}
  m_Children: []
  m_Father: {fileID: 1767688450}
  m_RootOrder: 0
  m_AnchorMin: {x: 0.5, y: 0.5}
  m_AnchorMax: {x: 0.5, y: 0.5}
  m_AnchoredPosition: {x: -10.5, y: 0.17}
  m_SizeDelta: {x: 5.18, y: 8.95}
  m_Pivot: {x: 0.5, y: 0.5}
--- !u!114 &992638432
MonoBehaviour:
  m_ObjectHideFlags: 0
  m_PrefabParentObject: {fileID: 11456516, guid: 4dbadbf16a2077241af2691f795dd825,
    type: 2}
  m_PrefabInternal: {fileID: 818651337}
  m_GameObject: {fileID: 992638430}
  m_Enabled: 1
  m_EditorHideFlags: 0
  m_Script: {fileID: -765806418, guid: f5f67c52d1564df4a8936ccd202a3bd8, type: 3}
  m_Name: 
  m_EditorClassIdentifier: 
  m_Material: {fileID: 0}
  m_Color: {r: 0.99607843, g: 0.99607843, b: 0.99607843, a: 1}
  m_RaycastTarget: 1
  m_OnCullStateChanged:
    m_PersistentCalls:
      m_Calls: []
    m_TypeName: UnityEngine.UI.MaskableGraphic+CullStateChangedEvent, UnityEngine.UI,
      Version=1.0.0.0, Culture=neutral, PublicKeyToken=null
  m_Sprite: {fileID: 21300000, guid: 7ed1238760b863f4aafde32ab3a6f28c, type: 3}
  m_Type: 1
  m_PreserveAspect: 0
  m_FillCenter: 1
  m_FillMethod: 4
  m_FillAmount: 1
  m_FillClockwise: 1
  m_FillOrigin: 0
--- !u!222 &992638433
CanvasRenderer:
  m_ObjectHideFlags: 0
  m_PrefabParentObject: {fileID: 22256534, guid: 4dbadbf16a2077241af2691f795dd825,
    type: 2}
  m_PrefabInternal: {fileID: 818651337}
  m_GameObject: {fileID: 992638430}
--- !u!1 &1067625551
GameObject:
  m_ObjectHideFlags: 0
  m_PrefabParentObject: {fileID: 156574, guid: 4dbadbf16a2077241af2691f795dd825, type: 2}
  m_PrefabInternal: {fileID: 818651337}
  serializedVersion: 4
  m_Component:
  - 224: {fileID: 1067625552}
  - 222: {fileID: 1067625554}
  - 114: {fileID: 1067625553}
  m_Layer: 5
  m_Name: Text
  m_TagString: Untagged
  m_Icon: {fileID: 0}
  m_NavMeshLayer: 0
  m_StaticEditorFlags: 0
  m_IsActive: 1
--- !u!224 &1067625552
RectTransform:
  m_ObjectHideFlags: 0
  m_PrefabParentObject: {fileID: 22456574, guid: 4dbadbf16a2077241af2691f795dd825,
    type: 2}
  m_PrefabInternal: {fileID: 818651337}
  m_GameObject: {fileID: 1067625551}
  m_LocalRotation: {x: 0, y: 0, z: 0, w: 1}
  m_LocalPosition: {x: 0, y: 0, z: 0}
  m_LocalScale: {x: 1, y: 1, z: 1}
  m_LocalEulerAnglesHint: {x: 0, y: 0, z: 0}
  m_Children: []
  m_Father: {fileID: 1523589017}
  m_RootOrder: 1
  m_AnchorMin: {x: 0.5, y: 0.5}
  m_AnchorMax: {x: 0.5, y: 0.5}
  m_AnchoredPosition: {x: 67.3, y: -119.4}
  m_SizeDelta: {x: 84.3, y: 30}
  m_Pivot: {x: 0.5, y: 0.5}
--- !u!114 &1067625553
MonoBehaviour:
  m_ObjectHideFlags: 0
  m_PrefabParentObject: {fileID: 11456568, guid: 4dbadbf16a2077241af2691f795dd825,
    type: 2}
  m_PrefabInternal: {fileID: 818651337}
  m_GameObject: {fileID: 1067625551}
  m_Enabled: 1
  m_EditorHideFlags: 0
  m_Script: {fileID: 708705254, guid: f5f67c52d1564df4a8936ccd202a3bd8, type: 3}
  m_Name: 
  m_EditorClassIdentifier: 
  m_Material: {fileID: 0}
  m_Color: {r: 1, g: 1, b: 1, a: 1}
  m_RaycastTarget: 1
  m_OnCullStateChanged:
    m_PersistentCalls:
      m_Calls: []
    m_TypeName: UnityEngine.UI.MaskableGraphic+CullStateChangedEvent, UnityEngine.UI,
      Version=1.0.0.0, Culture=neutral, PublicKeyToken=null
  m_FontData:
    m_Font: {fileID: 12800000, guid: bd1ea67ca2b5742d1a24fcbdc17c55e1, type: 3}
    m_FontSize: 13
    m_FontStyle: 0
    m_BestFit: 0
    m_MinSize: 10
    m_MaxSize: 40
    m_Alignment: 0
    m_AlignByGeometry: 0
    m_RichText: 1
    m_HorizontalOverflow: 0
    m_VerticalOverflow: 0
    m_LineSpacing: 1
  m_Text: "64\u02DA"
--- !u!222 &1067625554
CanvasRenderer:
  m_ObjectHideFlags: 0
  m_PrefabParentObject: {fileID: 22256574, guid: 4dbadbf16a2077241af2691f795dd825,
    type: 2}
  m_PrefabInternal: {fileID: 818651337}
  m_GameObject: {fileID: 1067625551}
--- !u!1 &1097844609
GameObject:
  m_ObjectHideFlags: 0
  m_PrefabParentObject: {fileID: 156594, guid: 4dbadbf16a2077241af2691f795dd825, type: 2}
  m_PrefabInternal: {fileID: 818651337}
  serializedVersion: 4
  m_Component:
  - 224: {fileID: 1097844610}
  - 222: {fileID: 1097844612}
  - 114: {fileID: 1097844611}
  m_Layer: 5
  m_Name: Icon
  m_TagString: Untagged
  m_Icon: {fileID: 0}
  m_NavMeshLayer: 0
  m_StaticEditorFlags: 0
  m_IsActive: 1
--- !u!224 &1097844610
RectTransform:
  m_ObjectHideFlags: 0
  m_PrefabParentObject: {fileID: 22456594, guid: 4dbadbf16a2077241af2691f795dd825,
    type: 2}
  m_PrefabInternal: {fileID: 818651337}
  m_GameObject: {fileID: 1097844609}
  m_LocalRotation: {x: 0, y: 0, z: 0, w: 1}
  m_LocalPosition: {x: 0, y: 0, z: 0}
  m_LocalScale: {x: 1, y: 1, z: 1}
  m_LocalEulerAnglesHint: {x: 0, y: 0, z: 0}
  m_Children: []
  m_Father: {fileID: 974891266}
  m_RootOrder: 0
  m_AnchorMin: {x: 0, y: 0}
  m_AnchorMax: {x: 0, y: 0}
  m_AnchoredPosition: {x: 157.5, y: 303}
  m_SizeDelta: {x: 184, y: 125}
  m_Pivot: {x: 0.5, y: 0.5}
--- !u!114 &1097844611
MonoBehaviour:
  m_ObjectHideFlags: 0
  m_PrefabParentObject: {fileID: 11456594, guid: 4dbadbf16a2077241af2691f795dd825,
    type: 2}
  m_PrefabInternal: {fileID: 818651337}
  m_GameObject: {fileID: 1097844609}
  m_Enabled: 1
  m_EditorHideFlags: 0
  m_Script: {fileID: -765806418, guid: f5f67c52d1564df4a8936ccd202a3bd8, type: 3}
  m_Name: 
  m_EditorClassIdentifier: 
  m_Material: {fileID: 0}
  m_Color: {r: 0.99607843, g: 0.99607843, b: 0.99607843, a: 1}
  m_RaycastTarget: 1
  m_OnCullStateChanged:
    m_PersistentCalls:
      m_Calls: []
    m_TypeName: UnityEngine.UI.MaskableGraphic+CullStateChangedEvent, UnityEngine.UI,
      Version=1.0.0.0, Culture=neutral, PublicKeyToken=null
  m_Sprite: {fileID: 21300000, guid: f7fc2d057be79a24f8547c8db40a8cbd, type: 3}
  m_Type: 0
  m_PreserveAspect: 0
  m_FillCenter: 1
  m_FillMethod: 4
  m_FillAmount: 1
  m_FillClockwise: 1
  m_FillOrigin: 0
--- !u!222 &1097844612
CanvasRenderer:
  m_ObjectHideFlags: 0
  m_PrefabParentObject: {fileID: 22256594, guid: 4dbadbf16a2077241af2691f795dd825,
    type: 2}
  m_PrefabInternal: {fileID: 818651337}
  m_GameObject: {fileID: 1097844609}
--- !u!1 &1207502188
GameObject:
  m_ObjectHideFlags: 0
  m_PrefabParentObject: {fileID: 156590, guid: 4dbadbf16a2077241af2691f795dd825, type: 2}
  m_PrefabInternal: {fileID: 818651337}
  serializedVersion: 4
  m_Component:
  - 224: {fileID: 1207502189}
  - 222: {fileID: 1207502192}
  - 114: {fileID: 1207502191}
  - 114: {fileID: 1207502190}
  m_Layer: 5
  m_Name: Dot
  m_TagString: Untagged
  m_Icon: {fileID: 0}
  m_NavMeshLayer: 0
  m_StaticEditorFlags: 0
  m_IsActive: 1
--- !u!224 &1207502189
RectTransform:
  m_ObjectHideFlags: 0
  m_PrefabParentObject: {fileID: 22456590, guid: 4dbadbf16a2077241af2691f795dd825,
    type: 2}
  m_PrefabInternal: {fileID: 818651337}
  m_GameObject: {fileID: 1207502188}
  m_LocalRotation: {x: 0, y: 0, z: 0, w: 1}
  m_LocalPosition: {x: 0, y: 0, z: 0}
  m_LocalScale: {x: 1, y: 1, z: 1}
  m_LocalEulerAnglesHint: {x: 0, y: 0, z: 0}
  m_Children: []
  m_Father: {fileID: 1381749335}
  m_RootOrder: 1
  m_AnchorMin: {x: 0.5, y: 0.5}
  m_AnchorMax: {x: 0.5, y: 0.5}
  m_AnchoredPosition: {x: -279.1, y: 0}
  m_SizeDelta: {x: 10, y: 10}
  m_Pivot: {x: 0.5, y: 0.5}
--- !u!114 &1207502190
MonoBehaviour:
  m_ObjectHideFlags: 0
  m_PrefabParentObject: {fileID: 11456590, guid: 4dbadbf16a2077241af2691f795dd825,
    type: 2}
  m_PrefabInternal: {fileID: 818651337}
  m_GameObject: {fileID: 1207502188}
  m_Enabled: 1
  m_EditorHideFlags: 0
  m_Script: {fileID: 1392445389, guid: f5f67c52d1564df4a8936ccd202a3bd8, type: 3}
  m_Name: 
  m_EditorClassIdentifier: 
  m_Navigation:
    m_Mode: 3
    m_SelectOnUp: {fileID: 0}
    m_SelectOnDown: {fileID: 0}
    m_SelectOnLeft: {fileID: 0}
    m_SelectOnRight: {fileID: 0}
  m_Transition: 1
  m_Colors:
    m_NormalColor: {r: 1, g: 1, b: 1, a: 1}
    m_HighlightedColor: {r: 0.9607843, g: 0.9607843, b: 0.9607843, a: 1}
    m_PressedColor: {r: 0.78431374, g: 0.78431374, b: 0.78431374, a: 1}
    m_DisabledColor: {r: 0.78431374, g: 0.78431374, b: 0.78431374, a: 0.5019608}
    m_ColorMultiplier: 1
    m_FadeDuration: 0.1
  m_SpriteState:
    m_HighlightedSprite: {fileID: 0}
    m_PressedSprite: {fileID: 0}
    m_DisabledSprite: {fileID: 0}
  m_AnimationTriggers:
    m_NormalTrigger: Normal
    m_HighlightedTrigger: Highlighted
    m_PressedTrigger: Pressed
    m_DisabledTrigger: Disabled
  m_Interactable: 1
  m_TargetGraphic: {fileID: 1207502191}
  m_OnClick:
    m_PersistentCalls:
      m_Calls: []
    m_TypeName: UnityEngine.UI.Button+ButtonClickedEvent, UnityEngine.UI, Version=1.0.0.0,
      Culture=neutral, PublicKeyToken=null
--- !u!114 &1207502191
MonoBehaviour:
  m_ObjectHideFlags: 0
  m_PrefabParentObject: {fileID: 11456588, guid: 4dbadbf16a2077241af2691f795dd825,
    type: 2}
  m_PrefabInternal: {fileID: 818651337}
  m_GameObject: {fileID: 1207502188}
  m_Enabled: 1
  m_EditorHideFlags: 0
  m_Script: {fileID: -765806418, guid: f5f67c52d1564df4a8936ccd202a3bd8, type: 3}
  m_Name: 
  m_EditorClassIdentifier: 
  m_Material: {fileID: 0}
  m_Color: {r: 0.99607843, g: 0.99607843, b: 0.99607843, a: 1}
  m_RaycastTarget: 1
  m_OnCullStateChanged:
    m_PersistentCalls:
      m_Calls: []
    m_TypeName: UnityEngine.UI.MaskableGraphic+CullStateChangedEvent, UnityEngine.UI,
      Version=1.0.0.0, Culture=neutral, PublicKeyToken=null
  m_Sprite: {fileID: 21300000, guid: f04f7faa5cfd8444a9b61e426135725f, type: 3}
  m_Type: 0
  m_PreserveAspect: 0
  m_FillCenter: 1
  m_FillMethod: 4
  m_FillAmount: 1
  m_FillClockwise: 1
  m_FillOrigin: 0
--- !u!222 &1207502192
CanvasRenderer:
  m_ObjectHideFlags: 0
  m_PrefabParentObject: {fileID: 22256590, guid: 4dbadbf16a2077241af2691f795dd825,
    type: 2}
  m_PrefabInternal: {fileID: 818651337}
  m_GameObject: {fileID: 1207502188}
--- !u!1 &1381749334
GameObject:
  m_ObjectHideFlags: 0
  m_PrefabParentObject: {fileID: 156568, guid: 4dbadbf16a2077241af2691f795dd825, type: 2}
  m_PrefabInternal: {fileID: 818651337}
  serializedVersion: 4
  m_Component:
  - 224: {fileID: 1381749335}
  - 222: {fileID: 1381749337}
  - 114: {fileID: 1381749336}
  m_Layer: 5
  m_Name: TopBar
  m_TagString: Untagged
  m_Icon: {fileID: 0}
  m_NavMeshLayer: 0
  m_StaticEditorFlags: 0
  m_IsActive: 1
--- !u!224 &1381749335
RectTransform:
  m_ObjectHideFlags: 0
  m_PrefabParentObject: {fileID: 22456568, guid: 4dbadbf16a2077241af2691f795dd825,
    type: 2}
  m_PrefabInternal: {fileID: 818651337}
  m_GameObject: {fileID: 1381749334}
  m_LocalRotation: {x: 0, y: 0, z: 0, w: 1}
  m_LocalPosition: {x: 0, y: 0, z: 0}
  m_LocalScale: {x: 1, y: 1, z: 1}
  m_LocalEulerAnglesHint: {x: 0, y: 0, z: 0}
  m_Children:
  - {fileID: 1716409230}
  - {fileID: 1207502189}
  - {fileID: 176939745}
  - {fileID: 381967551}
  - {fileID: 39086151}
  - {fileID: 1450408325}
  - {fileID: 1500030826}
  - {fileID: 830775299}
  - {fileID: 1446004837}
  - {fileID: 1767688450}
  m_Father: {fileID: 1843868559}
  m_RootOrder: 2
  m_AnchorMin: {x: 0.5, y: 0.5}
  m_AnchorMax: {x: 0.5, y: 0.5}
  m_AnchoredPosition: {x: 0, y: 549.27}
  m_SizeDelta: {x: 640, y: 37.45}
  m_Pivot: {x: 0.5, y: 0.5}
--- !u!114 &1381749336
MonoBehaviour:
  m_ObjectHideFlags: 0
  m_PrefabParentObject: {fileID: 11456560, guid: 4dbadbf16a2077241af2691f795dd825,
    type: 2}
  m_PrefabInternal: {fileID: 818651337}
  m_GameObject: {fileID: 1381749334}
  m_Enabled: 1
  m_EditorHideFlags: 0
  m_Script: {fileID: -765806418, guid: f5f67c52d1564df4a8936ccd202a3bd8, type: 3}
  m_Name: 
  m_EditorClassIdentifier: 
  m_Material: {fileID: 0}
  m_Color: {r: 0.014705896, g: 0.014705896, b: 0.014705896, a: 1}
  m_RaycastTarget: 1
  m_OnCullStateChanged:
    m_PersistentCalls:
      m_Calls: []
    m_TypeName: UnityEngine.UI.MaskableGraphic+CullStateChangedEvent, UnityEngine.UI,
      Version=1.0.0.0, Culture=neutral, PublicKeyToken=null
  m_Sprite: {fileID: 21300000, guid: 7ed1238760b863f4aafde32ab3a6f28c, type: 3}
  m_Type: 1
  m_PreserveAspect: 0
  m_FillCenter: 1
  m_FillMethod: 4
  m_FillAmount: 1
  m_FillClockwise: 1
  m_FillOrigin: 0
--- !u!222 &1381749337
CanvasRenderer:
  m_ObjectHideFlags: 0
  m_PrefabParentObject: {fileID: 22256570, guid: 4dbadbf16a2077241af2691f795dd825,
    type: 2}
  m_PrefabInternal: {fileID: 818651337}
  m_GameObject: {fileID: 1381749334}
--- !u!1 &1446004836
GameObject:
  m_ObjectHideFlags: 0
  m_PrefabParentObject: {fileID: 156560, guid: 4dbadbf16a2077241af2691f795dd825, type: 2}
  m_PrefabInternal: {fileID: 818651337}
  serializedVersion: 4
  m_Component:
  - 224: {fileID: 1446004837}
  - 222: {fileID: 1446004839}
  - 114: {fileID: 1446004838}
  m_Layer: 5
  m_Name: Text
  m_TagString: Untagged
  m_Icon: {fileID: 0}
  m_NavMeshLayer: 0
  m_StaticEditorFlags: 0
  m_IsActive: 1
--- !u!224 &1446004837
RectTransform:
  m_ObjectHideFlags: 0
  m_PrefabParentObject: {fileID: 22456560, guid: 4dbadbf16a2077241af2691f795dd825,
    type: 2}
  m_PrefabInternal: {fileID: 818651337}
  m_GameObject: {fileID: 1446004836}
  m_LocalRotation: {x: 0, y: 0, z: 0, w: 1}
  m_LocalPosition: {x: 0, y: 0, z: 0}
  m_LocalScale: {x: 1, y: 1, z: 1}
  m_LocalEulerAnglesHint: {x: 0, y: 0, z: 0}
  m_Children: []
  m_Father: {fileID: 1381749335}
  m_RootOrder: 8
  m_AnchorMin: {x: 0.5, y: 0.5}
  m_AnchorMax: {x: 0.5, y: 0.5}
  m_AnchoredPosition: {x: 259.8, y: 0}
  m_SizeDelta: {x: 27.8, y: 37.5}
  m_Pivot: {x: 0.5, y: 0.5}
--- !u!114 &1446004838
MonoBehaviour:
  m_ObjectHideFlags: 0
  m_PrefabParentObject: {fileID: 11456552, guid: 4dbadbf16a2077241af2691f795dd825,
    type: 2}
  m_PrefabInternal: {fileID: 818651337}
  m_GameObject: {fileID: 1446004836}
  m_Enabled: 1
  m_EditorHideFlags: 0
  m_Script: {fileID: 708705254, guid: f5f67c52d1564df4a8936ccd202a3bd8, type: 3}
  m_Name: 
  m_EditorClassIdentifier: 
  m_Material: {fileID: 0}
  m_Color: {r: 0.99607843, g: 0.99607843, b: 0.99607843, a: 1}
  m_RaycastTarget: 1
  m_OnCullStateChanged:
    m_PersistentCalls:
      m_Calls: []
    m_TypeName: UnityEngine.UI.MaskableGraphic+CullStateChangedEvent, UnityEngine.UI,
      Version=1.0.0.0, Culture=neutral, PublicKeyToken=null
  m_FontData:
    m_Font: {fileID: 12800000, guid: bd1ea67ca2b5742d1a24fcbdc17c55e1, type: 3}
    m_FontSize: 15
    m_FontStyle: 0
    m_BestFit: 0
    m_MinSize: 10
    m_MaxSize: 40
    m_Alignment: 4
    m_AlignByGeometry: 0
    m_RichText: 1
    m_HorizontalOverflow: 0
    m_VerticalOverflow: 0
    m_LineSpacing: 1
  m_Text: 4%
--- !u!222 &1446004839
CanvasRenderer:
  m_ObjectHideFlags: 0
  m_PrefabParentObject: {fileID: 22256562, guid: 4dbadbf16a2077241af2691f795dd825,
    type: 2}
  m_PrefabInternal: {fileID: 818651337}
  m_GameObject: {fileID: 1446004836}
--- !u!1 &1450408324
GameObject:
  m_ObjectHideFlags: 0
  m_PrefabParentObject: {fileID: 156582, guid: 4dbadbf16a2077241af2691f795dd825, type: 2}
  m_PrefabInternal: {fileID: 818651337}
  serializedVersion: 4
  m_Component:
  - 224: {fileID: 1450408325}
  - 222: {fileID: 1450408327}
  - 114: {fileID: 1450408326}
  m_Layer: 5
  m_Name: Text
  m_TagString: Untagged
  m_Icon: {fileID: 0}
  m_NavMeshLayer: 0
  m_StaticEditorFlags: 0
  m_IsActive: 1
--- !u!224 &1450408325
RectTransform:
  m_ObjectHideFlags: 0
  m_PrefabParentObject: {fileID: 22456582, guid: 4dbadbf16a2077241af2691f795dd825,
    type: 2}
  m_PrefabInternal: {fileID: 818651337}
  m_GameObject: {fileID: 1450408324}
  m_LocalRotation: {x: 0, y: 0, z: 0, w: 1}
  m_LocalPosition: {x: 0, y: 0, z: 0}
  m_LocalScale: {x: 1, y: 1, z: 1}
  m_LocalEulerAnglesHint: {x: 0, y: 0, z: 0}
  m_Children: []
  m_Father: {fileID: 1381749335}
  m_RootOrder: 5
  m_AnchorMin: {x: 0.5, y: 0.5}
  m_AnchorMax: {x: 0.5, y: 0.5}
  m_AnchoredPosition: {x: -202.5, y: 0}
  m_SizeDelta: {x: 43.1, y: 37.5}
  m_Pivot: {x: 0.5, y: 0.5}
--- !u!114 &1450408326
MonoBehaviour:
  m_ObjectHideFlags: 0
  m_PrefabParentObject: {fileID: 11456578, guid: 4dbadbf16a2077241af2691f795dd825,
    type: 2}
  m_PrefabInternal: {fileID: 818651337}
  m_GameObject: {fileID: 1450408324}
  m_Enabled: 1
  m_EditorHideFlags: 0
  m_Script: {fileID: 708705254, guid: f5f67c52d1564df4a8936ccd202a3bd8, type: 3}
  m_Name: 
  m_EditorClassIdentifier: 
  m_Material: {fileID: 0}
  m_Color: {r: 0.99607843, g: 0.99607843, b: 0.99607843, a: 1}
  m_RaycastTarget: 1
  m_OnCullStateChanged:
    m_PersistentCalls:
      m_Calls: []
    m_TypeName: UnityEngine.UI.MaskableGraphic+CullStateChangedEvent, UnityEngine.UI,
      Version=1.0.0.0, Culture=neutral, PublicKeyToken=null
  m_FontData:
    m_Font: {fileID: 12800000, guid: bd1ea67ca2b5742d1a24fcbdc17c55e1, type: 3}
    m_FontSize: 15
    m_FontStyle: 0
    m_BestFit: 0
    m_MinSize: 10
    m_MaxSize: 40
    m_Alignment: 3
    m_AlignByGeometry: 0
    m_RichText: 1
    m_HorizontalOverflow: 0
    m_VerticalOverflow: 0
    m_LineSpacing: 1
  m_Text: 'CALC

'
--- !u!222 &1450408327
CanvasRenderer:
  m_ObjectHideFlags: 0
  m_PrefabParentObject: {fileID: 22256582, guid: 4dbadbf16a2077241af2691f795dd825,
    type: 2}
  m_PrefabInternal: {fileID: 818651337}
  m_GameObject: {fileID: 1450408324}
--- !u!1 &1500030825
GameObject:
  m_ObjectHideFlags: 0
  m_PrefabParentObject: {fileID: 156588, guid: 4dbadbf16a2077241af2691f795dd825, type: 2}
  m_PrefabInternal: {fileID: 818651337}
  serializedVersion: 4
  m_Component:
  - 224: {fileID: 1500030826}
  - 222: {fileID: 1500030829}
  - 114: {fileID: 1500030828}
  - 114: {fileID: 1500030827}
  m_Layer: 5
  m_Name: Wirless
  m_TagString: Untagged
  m_Icon: {fileID: 0}
  m_NavMeshLayer: 0
  m_StaticEditorFlags: 0
  m_IsActive: 1
--- !u!224 &1500030826
RectTransform:
  m_ObjectHideFlags: 0
  m_PrefabParentObject: {fileID: 22456588, guid: 4dbadbf16a2077241af2691f795dd825,
    type: 2}
  m_PrefabInternal: {fileID: 818651337}
  m_GameObject: {fileID: 1500030825}
  m_LocalRotation: {x: 0, y: 0, z: 0, w: 1}
  m_LocalPosition: {x: 0, y: 0, z: 0}
  m_LocalScale: {x: 1, y: 1, z: 1}
  m_LocalEulerAnglesHint: {x: 0, y: 0, z: 0}
  m_Children: []
  m_Father: {fileID: 1381749335}
  m_RootOrder: 6
  m_AnchorMin: {x: 0.5, y: 0.5}
  m_AnchorMax: {x: 0.5, y: 0.5}
  m_AnchoredPosition: {x: -173.11002, y: 0.48003}
  m_SizeDelta: {x: 15.68, y: 10.96}
  m_Pivot: {x: 0.5, y: 0.5}
--- !u!114 &1500030827
MonoBehaviour:
  m_ObjectHideFlags: 0
  m_PrefabParentObject: {fileID: 11456586, guid: 4dbadbf16a2077241af2691f795dd825,
    type: 2}
  m_PrefabInternal: {fileID: 818651337}
  m_GameObject: {fileID: 1500030825}
  m_Enabled: 1
  m_EditorHideFlags: 0
  m_Script: {fileID: 1392445389, guid: f5f67c52d1564df4a8936ccd202a3bd8, type: 3}
  m_Name: 
  m_EditorClassIdentifier: 
  m_Navigation:
    m_Mode: 3
    m_SelectOnUp: {fileID: 0}
    m_SelectOnDown: {fileID: 0}
    m_SelectOnLeft: {fileID: 0}
    m_SelectOnRight: {fileID: 0}
  m_Transition: 1
  m_Colors:
    m_NormalColor: {r: 1, g: 1, b: 1, a: 1}
    m_HighlightedColor: {r: 0.9607843, g: 0.9607843, b: 0.9607843, a: 1}
    m_PressedColor: {r: 0.78431374, g: 0.78431374, b: 0.78431374, a: 1}
    m_DisabledColor: {r: 0.78431374, g: 0.78431374, b: 0.78431374, a: 0.5019608}
    m_ColorMultiplier: 1
    m_FadeDuration: 0.1
  m_SpriteState:
    m_HighlightedSprite: {fileID: 0}
    m_PressedSprite: {fileID: 0}
    m_DisabledSprite: {fileID: 0}
  m_AnimationTriggers:
    m_NormalTrigger: Normal
    m_HighlightedTrigger: Highlighted
    m_PressedTrigger: Pressed
    m_DisabledTrigger: Disabled
  m_Interactable: 1
  m_TargetGraphic: {fileID: 1500030828}
  m_OnClick:
    m_PersistentCalls:
      m_Calls: []
    m_TypeName: UnityEngine.UI.Button+ButtonClickedEvent, UnityEngine.UI, Version=1.0.0.0,
      Culture=neutral, PublicKeyToken=null
--- !u!114 &1500030828
MonoBehaviour:
  m_ObjectHideFlags: 0
  m_PrefabParentObject: {fileID: 11456584, guid: 4dbadbf16a2077241af2691f795dd825,
    type: 2}
  m_PrefabInternal: {fileID: 818651337}
  m_GameObject: {fileID: 1500030825}
  m_Enabled: 1
  m_EditorHideFlags: 0
  m_Script: {fileID: -765806418, guid: f5f67c52d1564df4a8936ccd202a3bd8, type: 3}
  m_Name: 
  m_EditorClassIdentifier: 
  m_Material: {fileID: 0}
  m_Color: {r: 0.99607843, g: 0.99607843, b: 0.99607843, a: 1}
  m_RaycastTarget: 1
  m_OnCullStateChanged:
    m_PersistentCalls:
      m_Calls: []
    m_TypeName: UnityEngine.UI.MaskableGraphic+CullStateChangedEvent, UnityEngine.UI,
      Version=1.0.0.0, Culture=neutral, PublicKeyToken=null
  m_Sprite: {fileID: 21300000, guid: 1f46348d3f2f44286a099840ca883239, type: 3}
  m_Type: 0
  m_PreserveAspect: 0
  m_FillCenter: 1
  m_FillMethod: 4
  m_FillAmount: 1
  m_FillClockwise: 1
  m_FillOrigin: 0
--- !u!222 &1500030829
CanvasRenderer:
  m_ObjectHideFlags: 0
  m_PrefabParentObject: {fileID: 22256588, guid: 4dbadbf16a2077241af2691f795dd825,
    type: 2}
  m_PrefabInternal: {fileID: 818651337}
  m_GameObject: {fileID: 1500030825}
--- !u!1 &1500371475
GameObject:
  m_ObjectHideFlags: 0
  m_PrefabParentObject: {fileID: 0}
  m_PrefabInternal: {fileID: 0}
  serializedVersion: 4
  m_Component:
  - 4: {fileID: 1500371479}
  - 114: {fileID: 1500371478}
  - 114: {fileID: 1500371477}
  - 114: {fileID: 1500371476}
  m_Layer: 0
  m_Name: EventSystem
  m_TagString: Untagged
  m_Icon: {fileID: 0}
  m_NavMeshLayer: 0
  m_StaticEditorFlags: 0
  m_IsActive: 1
--- !u!114 &1500371476
MonoBehaviour:
  m_ObjectHideFlags: 0
  m_PrefabParentObject: {fileID: 0}
  m_PrefabInternal: {fileID: 0}
  m_GameObject: {fileID: 1500371475}
  m_Enabled: 1
  m_EditorHideFlags: 0
  m_Script: {fileID: 1997211142, guid: f5f67c52d1564df4a8936ccd202a3bd8, type: 3}
  m_Name: 
  m_EditorClassIdentifier: 
  m_ForceModuleActive: 0
--- !u!114 &1500371477
MonoBehaviour:
  m_ObjectHideFlags: 0
  m_PrefabParentObject: {fileID: 0}
  m_PrefabInternal: {fileID: 0}
  m_GameObject: {fileID: 1500371475}
  m_Enabled: 1
  m_EditorHideFlags: 0
  m_Script: {fileID: 1077351063, guid: f5f67c52d1564df4a8936ccd202a3bd8, type: 3}
  m_Name: 
  m_EditorClassIdentifier: 
  m_HorizontalAxis: Horizontal
  m_VerticalAxis: Vertical
  m_SubmitButton: Submit
  m_CancelButton: Cancel
  m_InputActionsPerSecond: 10
  m_RepeatDelay: 0.5
  m_ForceModuleActive: 0
--- !u!114 &1500371478
MonoBehaviour:
  m_ObjectHideFlags: 0
  m_PrefabParentObject: {fileID: 0}
  m_PrefabInternal: {fileID: 0}
  m_GameObject: {fileID: 1500371475}
  m_Enabled: 1
  m_EditorHideFlags: 0
  m_Script: {fileID: -619905303, guid: f5f67c52d1564df4a8936ccd202a3bd8, type: 3}
  m_Name: 
  m_EditorClassIdentifier: 
  m_FirstSelected: {fileID: 0}
  m_sendNavigationEvents: 1
  m_DragThreshold: 5
--- !u!4 &1500371479
Transform:
  m_ObjectHideFlags: 0
  m_PrefabParentObject: {fileID: 0}
  m_PrefabInternal: {fileID: 0}
  m_GameObject: {fileID: 1500371475}
  m_LocalRotation: {x: 0, y: 0, z: 0, w: 1}
  m_LocalPosition: {x: 0, y: 0, z: 0}
  m_LocalScale: {x: 1, y: 1, z: 1}
  m_LocalEulerAnglesHint: {x: 0, y: 0, z: 0}
  m_Children: []
  m_Father: {fileID: 0}
  m_RootOrder: 1
--- !u!1 &1510430087
GameObject:
  m_ObjectHideFlags: 0
  m_PrefabParentObject: {fileID: 156586, guid: 4dbadbf16a2077241af2691f795dd825, type: 2}
  m_PrefabInternal: {fileID: 818651337}
  serializedVersion: 4
  m_Component:
  - 224: {fileID: 1510430088}
  - 222: {fileID: 1510430090}
  - 114: {fileID: 1510430089}
  m_Layer: 5
  m_Name: Icon
  m_TagString: Untagged
  m_Icon: {fileID: 0}
  m_NavMeshLayer: 0
  m_StaticEditorFlags: 0
  m_IsActive: 1
--- !u!224 &1510430088
RectTransform:
  m_ObjectHideFlags: 0
  m_PrefabParentObject: {fileID: 22456586, guid: 4dbadbf16a2077241af2691f795dd825,
    type: 2}
  m_PrefabInternal: {fileID: 818651337}
  m_GameObject: {fileID: 1510430087}
  m_LocalRotation: {x: 0, y: 0, z: 0, w: 1}
  m_LocalPosition: {x: 0, y: 0, z: 0}
  m_LocalScale: {x: 1, y: 1, z: 1}
  m_LocalEulerAnglesHint: {x: 0, y: 0, z: 0}
  m_Children: []
  m_Father: {fileID: 237522472}
  m_RootOrder: 0
  m_AnchorMin: {x: 0, y: 0}
  m_AnchorMax: {x: 0, y: 0}
  m_AnchoredPosition: {x: 169, y: 296}
  m_SizeDelta: {x: 196, y: 171}
  m_Pivot: {x: 0.5, y: 0.5}
--- !u!114 &1510430089
MonoBehaviour:
  m_ObjectHideFlags: 0
  m_PrefabParentObject: {fileID: 11456582, guid: 4dbadbf16a2077241af2691f795dd825,
    type: 2}
  m_PrefabInternal: {fileID: 818651337}
  m_GameObject: {fileID: 1510430087}
  m_Enabled: 1
  m_EditorHideFlags: 0
  m_Script: {fileID: -765806418, guid: f5f67c52d1564df4a8936ccd202a3bd8, type: 3}
  m_Name: 
  m_EditorClassIdentifier: 
  m_Material: {fileID: 0}
  m_Color: {r: 0.99607843, g: 0.99607843, b: 0.99607843, a: 1}
  m_RaycastTarget: 1
  m_OnCullStateChanged:
    m_PersistentCalls:
      m_Calls: []
    m_TypeName: UnityEngine.UI.MaskableGraphic+CullStateChangedEvent, UnityEngine.UI,
      Version=1.0.0.0, Culture=neutral, PublicKeyToken=null
  m_Sprite: {fileID: 21300000, guid: 85983cedfc874aa49a5162ddb24fb7cd, type: 3}
  m_Type: 0
  m_PreserveAspect: 0
  m_FillCenter: 1
  m_FillMethod: 4
  m_FillAmount: 1
  m_FillClockwise: 1
  m_FillOrigin: 0
--- !u!222 &1510430090
CanvasRenderer:
  m_ObjectHideFlags: 0
  m_PrefabParentObject: {fileID: 22256586, guid: 4dbadbf16a2077241af2691f795dd825,
    type: 2}
  m_PrefabInternal: {fileID: 818651337}
  m_GameObject: {fileID: 1510430087}
--- !u!1 &1511305452
GameObject:
  m_ObjectHideFlags: 0
  m_PrefabParentObject: {fileID: 0}
  m_PrefabInternal: {fileID: 0}
  serializedVersion: 4
  m_Component:
  - 4: {fileID: 1511305453}
  m_Layer: 0
  m_Name: __SET_YOUR_GAMESCREEN_TO_640x1336
  m_TagString: Untagged
  m_Icon: {fileID: 0}
  m_NavMeshLayer: 0
  m_StaticEditorFlags: 0
  m_IsActive: 1
--- !u!4 &1511305453
Transform:
  m_ObjectHideFlags: 0
  m_PrefabParentObject: {fileID: 0}
  m_PrefabInternal: {fileID: 0}
  m_GameObject: {fileID: 1511305452}
  m_LocalRotation: {x: 0, y: 0, z: 0, w: 1}
  m_LocalPosition: {x: 494.995, y: 627.74, z: 0}
  m_LocalScale: {x: 1, y: 1, z: 1}
  m_LocalEulerAnglesHint: {x: 0, y: 0, z: 0}
  m_Children: []
  m_Father: {fileID: 0}
  m_RootOrder: 2
--- !u!1 &1523589016
GameObject:
  m_ObjectHideFlags: 0
  m_PrefabParentObject: {fileID: 156592, guid: 4dbadbf16a2077241af2691f795dd825, type: 2}
  m_PrefabInternal: {fileID: 818651337}
  serializedVersion: 4
  m_Component:
  - 224: {fileID: 1523589017}
  - 222: {fileID: 1523589019}
  - 114: {fileID: 1523589018}
  m_Layer: 5
  m_Name: Panel_2
  m_TagString: Untagged
  m_Icon: {fileID: 0}
  m_NavMeshLayer: 0
  m_StaticEditorFlags: 0
  m_IsActive: 1
--- !u!224 &1523589017
RectTransform:
  m_ObjectHideFlags: 0
  m_PrefabParentObject: {fileID: 22456592, guid: 4dbadbf16a2077241af2691f795dd825,
    type: 2}
  m_PrefabInternal: {fileID: 818651337}
  m_GameObject: {fileID: 1523589016}
  m_LocalRotation: {x: 0, y: 0, z: 0, w: 1}
  m_LocalPosition: {x: 0, y: 0, z: 0}
  m_LocalScale: {x: 1, y: 1, z: 1}
  m_LocalEulerAnglesHint: {x: 0, y: 0, z: 0}
  m_Children:
  - {fileID: 446385467}
  - {fileID: 1067625552}
  - {fileID: 616693618}
  m_Father: {fileID: 1843868559}
  m_RootOrder: 4
  m_AnchorMin: {x: 0.5, y: 0.5}
  m_AnchorMax: {x: 0.5, y: 0.5}
  m_AnchoredPosition: {x: 162.45001, y: 258.05}
  m_SizeDelta: {x: 315, y: 545}
  m_Pivot: {x: 0.5, y: 0.5}
--- !u!114 &1523589018
MonoBehaviour:
  m_ObjectHideFlags: 0
  m_PrefabParentObject: {fileID: 11456592, guid: 4dbadbf16a2077241af2691f795dd825,
    type: 2}
  m_PrefabInternal: {fileID: 818651337}
  m_GameObject: {fileID: 1523589016}
  m_Enabled: 1
  m_EditorHideFlags: 0
  m_Script: {fileID: -765806418, guid: f5f67c52d1564df4a8936ccd202a3bd8, type: 3}
  m_Name: 
  m_EditorClassIdentifier: 
  m_Material: {fileID: 0}
  m_Color: {r: 0.16862746, g: 0.16862746, b: 0.16862746, a: 1}
  m_RaycastTarget: 1
  m_OnCullStateChanged:
    m_PersistentCalls:
      m_Calls: []
    m_TypeName: UnityEngine.UI.MaskableGraphic+CullStateChangedEvent, UnityEngine.UI,
      Version=1.0.0.0, Culture=neutral, PublicKeyToken=null
  m_Sprite: {fileID: 21300000, guid: ae30072a59a25814e8cfe4b1f70242ed, type: 3}
  m_Type: 1
  m_PreserveAspect: 0
  m_FillCenter: 1
  m_FillMethod: 4
  m_FillAmount: 1
  m_FillClockwise: 1
  m_FillOrigin: 0
--- !u!222 &1523589019
CanvasRenderer:
  m_ObjectHideFlags: 0
  m_PrefabParentObject: {fileID: 22256592, guid: 4dbadbf16a2077241af2691f795dd825,
    type: 2}
  m_PrefabInternal: {fileID: 818651337}
  m_GameObject: {fileID: 1523589016}
--- !u!1 &1537954679
GameObject:
  m_ObjectHideFlags: 0
  m_PrefabParentObject: {fileID: 156538, guid: 4dbadbf16a2077241af2691f795dd825, type: 2}
  m_PrefabInternal: {fileID: 818651337}
  serializedVersion: 4
  m_Component:
  - 224: {fileID: 1537954680}
  - 222: {fileID: 1537954682}
  - 114: {fileID: 1537954681}
  m_Layer: 5
  m_Name: Text
  m_TagString: Untagged
  m_Icon: {fileID: 0}
  m_NavMeshLayer: 0
  m_StaticEditorFlags: 0
  m_IsActive: 1
--- !u!224 &1537954680
RectTransform:
  m_ObjectHideFlags: 0
  m_PrefabParentObject: {fileID: 22456538, guid: 4dbadbf16a2077241af2691f795dd825,
    type: 2}
  m_PrefabInternal: {fileID: 818651337}
  m_GameObject: {fileID: 1537954679}
  m_LocalRotation: {x: 0, y: 0, z: 0, w: 1}
  m_LocalPosition: {x: 0, y: 0, z: 0}
  m_LocalScale: {x: 1, y: 1, z: 1}
  m_LocalEulerAnglesHint: {x: 0, y: 0, z: 0}
  m_Children: []
  m_Father: {fileID: 974891266}
  m_RootOrder: 2
  m_AnchorMin: {x: 0.5, y: 0.5}
  m_AnchorMax: {x: 0.5, y: 0.5}
  m_AnchoredPosition: {x: 54.1, y: -119.4}
  m_SizeDelta: {x: 84.3, y: 30}
  m_Pivot: {x: 0.5, y: 0.5}
--- !u!114 &1537954681
MonoBehaviour:
  m_ObjectHideFlags: 0
  m_PrefabParentObject: {fileID: 11456522, guid: 4dbadbf16a2077241af2691f795dd825,
    type: 2}
  m_PrefabInternal: {fileID: 818651337}
  m_GameObject: {fileID: 1537954679}
  m_Enabled: 1
  m_EditorHideFlags: 0
  m_Script: {fileID: 708705254, guid: f5f67c52d1564df4a8936ccd202a3bd8, type: 3}
  m_Name: 
  m_EditorClassIdentifier: 
  m_Material: {fileID: 0}
  m_Color: {r: 1, g: 1, b: 1, a: 1}
  m_RaycastTarget: 1
  m_OnCullStateChanged:
    m_PersistentCalls:
      m_Calls: []
    m_TypeName: UnityEngine.UI.MaskableGraphic+CullStateChangedEvent, UnityEngine.UI,
      Version=1.0.0.0, Culture=neutral, PublicKeyToken=null
  m_FontData:
    m_Font: {fileID: 12800000, guid: bd1ea67ca2b5742d1a24fcbdc17c55e1, type: 3}
    m_FontSize: 13
    m_FontStyle: 0
    m_BestFit: 0
    m_MinSize: 10
    m_MaxSize: 40
    m_Alignment: 0
    m_AlignByGeometry: 0
    m_RichText: 1
    m_HorizontalOverflow: 0
    m_VerticalOverflow: 0
    m_LineSpacing: 1
  m_Text: "64\u02DA"
--- !u!222 &1537954682
CanvasRenderer:
  m_ObjectHideFlags: 0
  m_PrefabParentObject: {fileID: 22256540, guid: 4dbadbf16a2077241af2691f795dd825,
    type: 2}
  m_PrefabInternal: {fileID: 818651337}
  m_GameObject: {fileID: 1537954679}
--- !u!1 &1654901604
GameObject:
  m_ObjectHideFlags: 0
  m_PrefabParentObject: {fileID: 156576, guid: 4dbadbf16a2077241af2691f795dd825, type: 2}
  m_PrefabInternal: {fileID: 818651337}
  serializedVersion: 4
  m_Component:
  - 224: {fileID: 1654901605}
  - 222: {fileID: 1654901607}
  - 114: {fileID: 1654901606}
  m_Layer: 5
  m_Name: Text
  m_TagString: Untagged
  m_Icon: {fileID: 0}
  m_NavMeshLayer: 0
  m_StaticEditorFlags: 0
  m_IsActive: 1
--- !u!224 &1654901605
RectTransform:
  m_ObjectHideFlags: 0
  m_PrefabParentObject: {fileID: 22456576, guid: 4dbadbf16a2077241af2691f795dd825,
    type: 2}
  m_PrefabInternal: {fileID: 818651337}
  m_GameObject: {fileID: 1654901604}
  m_LocalRotation: {x: 0, y: 0, z: 0, w: 1}
  m_LocalPosition: {x: 0, y: 0, z: 0}
  m_LocalScale: {x: 1, y: 1, z: 1}
  m_LocalEulerAnglesHint: {x: 0, y: 0, z: 0}
  m_Children: []
  m_Father: {fileID: 237522472}
  m_RootOrder: 2
  m_AnchorMin: {x: 0.5, y: 0.5}
  m_AnchorMax: {x: 0.5, y: 0.5}
  m_AnchoredPosition: {x: 55, y: -134}
  m_SizeDelta: {x: 34, y: 30}
  m_Pivot: {x: 0.5, y: 0.5}
--- !u!114 &1654901606
MonoBehaviour:
  m_ObjectHideFlags: 0
  m_PrefabParentObject: {fileID: 11456570, guid: 4dbadbf16a2077241af2691f795dd825,
    type: 2}
  m_PrefabInternal: {fileID: 818651337}
  m_GameObject: {fileID: 1654901604}
  m_Enabled: 1
  m_EditorHideFlags: 0
  m_Script: {fileID: 708705254, guid: f5f67c52d1564df4a8936ccd202a3bd8, type: 3}
  m_Name: 
  m_EditorClassIdentifier: 
  m_Material: {fileID: 0}
  m_Color: {r: 1, g: 1, b: 1, a: 1}
  m_RaycastTarget: 1
  m_OnCullStateChanged:
    m_PersistentCalls:
      m_Calls: []
    m_TypeName: UnityEngine.UI.MaskableGraphic+CullStateChangedEvent, UnityEngine.UI,
      Version=1.0.0.0, Culture=neutral, PublicKeyToken=null
  m_FontData:
    m_Font: {fileID: 12800000, guid: bd1ea67ca2b5742d1a24fcbdc17c55e1, type: 3}
    m_FontSize: 13
    m_FontStyle: 0
    m_BestFit: 0
    m_MinSize: 10
    m_MaxSize: 40
    m_Alignment: 0
    m_AlignByGeometry: 0
    m_RichText: 1
    m_HorizontalOverflow: 0
    m_VerticalOverflow: 0
    m_LineSpacing: 1
  m_Text: "64\u02DA"
--- !u!222 &1654901607
CanvasRenderer:
  m_ObjectHideFlags: 0
  m_PrefabParentObject: {fileID: 22256576, guid: 4dbadbf16a2077241af2691f795dd825,
    type: 2}
  m_PrefabInternal: {fileID: 818651337}
  m_GameObject: {fileID: 1654901604}
--- !u!1 &1716409229
GameObject:
  m_ObjectHideFlags: 0
  m_PrefabParentObject: {fileID: 156548, guid: 4dbadbf16a2077241af2691f795dd825, type: 2}
  m_PrefabInternal: {fileID: 818651337}
  serializedVersion: 4
  m_Component:
  - 224: {fileID: 1716409230}
  - 222: {fileID: 1716409233}
  - 114: {fileID: 1716409232}
  - 114: {fileID: 1716409231}
  m_Layer: 5
  m_Name: Dot
  m_TagString: Untagged
  m_Icon: {fileID: 0}
  m_NavMeshLayer: 0
  m_StaticEditorFlags: 0
  m_IsActive: 1
--- !u!224 &1716409230
RectTransform:
  m_ObjectHideFlags: 0
  m_PrefabParentObject: {fileID: 22456548, guid: 4dbadbf16a2077241af2691f795dd825,
    type: 2}
  m_PrefabInternal: {fileID: 818651337}
  m_GameObject: {fileID: 1716409229}
  m_LocalRotation: {x: 0, y: 0, z: 0, w: 1}
  m_LocalPosition: {x: 0, y: 0, z: 0}
  m_LocalScale: {x: 1, y: 1, z: 1}
  m_LocalEulerAnglesHint: {x: 0, y: 0, z: 0}
  m_Children: []
  m_Father: {fileID: 1381749335}
  m_RootOrder: 0
  m_AnchorMin: {x: 0.5, y: 0.5}
  m_AnchorMax: {x: 0.5, y: 0.5}
  m_AnchoredPosition: {x: -293.3, y: -0.0000019073486}
  m_SizeDelta: {x: 10, y: 10}
  m_Pivot: {x: 0.5, y: 0.5}
--- !u!114 &1716409231
MonoBehaviour:
  m_ObjectHideFlags: 0
  m_PrefabParentObject: {fileID: 11456538, guid: 4dbadbf16a2077241af2691f795dd825,
    type: 2}
  m_PrefabInternal: {fileID: 818651337}
  m_GameObject: {fileID: 1716409229}
  m_Enabled: 1
  m_EditorHideFlags: 0
  m_Script: {fileID: 1392445389, guid: f5f67c52d1564df4a8936ccd202a3bd8, type: 3}
  m_Name: 
  m_EditorClassIdentifier: 
  m_Navigation:
    m_Mode: 3
    m_SelectOnUp: {fileID: 0}
    m_SelectOnDown: {fileID: 0}
    m_SelectOnLeft: {fileID: 0}
    m_SelectOnRight: {fileID: 0}
  m_Transition: 1
  m_Colors:
    m_NormalColor: {r: 1, g: 1, b: 1, a: 1}
    m_HighlightedColor: {r: 0.9607843, g: 0.9607843, b: 0.9607843, a: 1}
    m_PressedColor: {r: 0.78431374, g: 0.78431374, b: 0.78431374, a: 1}
    m_DisabledColor: {r: 0.78431374, g: 0.78431374, b: 0.78431374, a: 0.5019608}
    m_ColorMultiplier: 1
    m_FadeDuration: 0.1
  m_SpriteState:
    m_HighlightedSprite: {fileID: 0}
    m_PressedSprite: {fileID: 0}
    m_DisabledSprite: {fileID: 0}
  m_AnimationTriggers:
    m_NormalTrigger: Normal
    m_HighlightedTrigger: Highlighted
    m_PressedTrigger: Pressed
    m_DisabledTrigger: Disabled
  m_Interactable: 1
  m_TargetGraphic: {fileID: 1716409232}
  m_OnClick:
    m_PersistentCalls:
      m_Calls: []
    m_TypeName: UnityEngine.UI.Button+ButtonClickedEvent, UnityEngine.UI, Version=1.0.0.0,
      Culture=neutral, PublicKeyToken=null
--- !u!114 &1716409232
MonoBehaviour:
  m_ObjectHideFlags: 0
  m_PrefabParentObject: {fileID: 11456536, guid: 4dbadbf16a2077241af2691f795dd825,
    type: 2}
  m_PrefabInternal: {fileID: 818651337}
  m_GameObject: {fileID: 1716409229}
  m_Enabled: 1
  m_EditorHideFlags: 0
  m_Script: {fileID: -765806418, guid: f5f67c52d1564df4a8936ccd202a3bd8, type: 3}
  m_Name: 
  m_EditorClassIdentifier: 
  m_Material: {fileID: 0}
  m_Color: {r: 0.99607843, g: 0.99607843, b: 0.99607843, a: 1}
  m_RaycastTarget: 1
  m_OnCullStateChanged:
    m_PersistentCalls:
      m_Calls: []
    m_TypeName: UnityEngine.UI.MaskableGraphic+CullStateChangedEvent, UnityEngine.UI,
      Version=1.0.0.0, Culture=neutral, PublicKeyToken=null
  m_Sprite: {fileID: 21300000, guid: f04f7faa5cfd8444a9b61e426135725f, type: 3}
  m_Type: 0
  m_PreserveAspect: 0
  m_FillCenter: 1
  m_FillMethod: 4
  m_FillAmount: 1
  m_FillClockwise: 1
  m_FillOrigin: 0
--- !u!222 &1716409233
CanvasRenderer:
  m_ObjectHideFlags: 0
  m_PrefabParentObject: {fileID: 22256550, guid: 4dbadbf16a2077241af2691f795dd825,
    type: 2}
  m_PrefabInternal: {fileID: 818651337}
  m_GameObject: {fileID: 1716409229}
--- !u!1 &1767688449
GameObject:
  m_ObjectHideFlags: 0
  m_PrefabParentObject: {fileID: 156552, guid: 4dbadbf16a2077241af2691f795dd825, type: 2}
  m_PrefabInternal: {fileID: 818651337}
  serializedVersion: 4
  m_Component:
  - 224: {fileID: 1767688450}
  - 222: {fileID: 1767688453}
  - 114: {fileID: 1767688452}
  - 114: {fileID: 1767688451}
  m_Layer: 5
  m_Name: Battery
  m_TagString: Untagged
  m_Icon: {fileID: 0}
  m_NavMeshLayer: 0
  m_StaticEditorFlags: 0
  m_IsActive: 1
--- !u!224 &1767688450
RectTransform:
  m_ObjectHideFlags: 0
  m_PrefabParentObject: {fileID: 22456552, guid: 4dbadbf16a2077241af2691f795dd825,
    type: 2}
  m_PrefabInternal: {fileID: 818651337}
  m_GameObject: {fileID: 1767688449}
  m_LocalRotation: {x: 0, y: 0, z: 0, w: 1}
  m_LocalPosition: {x: 0, y: 0, z: 0}
  m_LocalScale: {x: 1, y: 1, z: 1}
  m_LocalEulerAnglesHint: {x: 0, y: 0, z: 0}
  m_Children:
  - {fileID: 992638431}
  m_Father: {fileID: 1381749335}
  m_RootOrder: 9
  m_AnchorMin: {x: 0.5, y: 0.5}
  m_AnchorMax: {x: 0.5, y: 0.5}
  m_AnchoredPosition: {x: 289.57, y: 0.5}
  m_SizeDelta: {x: 28.65, y: 12.1}
  m_Pivot: {x: 0.5, y: 0.5}
--- !u!114 &1767688451
MonoBehaviour:
  m_ObjectHideFlags: 0
  m_PrefabParentObject: {fileID: 11456544, guid: 4dbadbf16a2077241af2691f795dd825,
    type: 2}
  m_PrefabInternal: {fileID: 818651337}
  m_GameObject: {fileID: 1767688449}
  m_Enabled: 1
  m_EditorHideFlags: 0
  m_Script: {fileID: 1392445389, guid: f5f67c52d1564df4a8936ccd202a3bd8, type: 3}
  m_Name: 
  m_EditorClassIdentifier: 
  m_Navigation:
    m_Mode: 3
    m_SelectOnUp: {fileID: 0}
    m_SelectOnDown: {fileID: 0}
    m_SelectOnLeft: {fileID: 0}
    m_SelectOnRight: {fileID: 0}
  m_Transition: 1
  m_Colors:
    m_NormalColor: {r: 1, g: 1, b: 1, a: 1}
    m_HighlightedColor: {r: 0.9607843, g: 0.9607843, b: 0.9607843, a: 1}
    m_PressedColor: {r: 0.78431374, g: 0.78431374, b: 0.78431374, a: 1}
    m_DisabledColor: {r: 0.78431374, g: 0.78431374, b: 0.78431374, a: 0.5019608}
    m_ColorMultiplier: 1
    m_FadeDuration: 0.1
  m_SpriteState:
    m_HighlightedSprite: {fileID: 0}
    m_PressedSprite: {fileID: 0}
    m_DisabledSprite: {fileID: 0}
  m_AnimationTriggers:
    m_NormalTrigger: Normal
    m_HighlightedTrigger: Highlighted
    m_PressedTrigger: Pressed
    m_DisabledTrigger: Disabled
  m_Interactable: 1
  m_TargetGraphic: {fileID: 1767688452}
  m_OnClick:
    m_PersistentCalls:
      m_Calls: []
    m_TypeName: UnityEngine.UI.Button+ButtonClickedEvent, UnityEngine.UI, Version=1.0.0.0,
      Culture=neutral, PublicKeyToken=null
--- !u!114 &1767688452
MonoBehaviour:
  m_ObjectHideFlags: 0
  m_PrefabParentObject: {fileID: 11456542, guid: 4dbadbf16a2077241af2691f795dd825,
    type: 2}
  m_PrefabInternal: {fileID: 818651337}
  m_GameObject: {fileID: 1767688449}
  m_Enabled: 1
  m_EditorHideFlags: 0
  m_Script: {fileID: -765806418, guid: f5f67c52d1564df4a8936ccd202a3bd8, type: 3}
  m_Name: 
  m_EditorClassIdentifier: 
  m_Material: {fileID: 0}
  m_Color: {r: 0.99607843, g: 0.99607843, b: 0.99607843, a: 1}
  m_RaycastTarget: 1
  m_OnCullStateChanged:
    m_PersistentCalls:
      m_Calls: []
    m_TypeName: UnityEngine.UI.MaskableGraphic+CullStateChangedEvent, UnityEngine.UI,
      Version=1.0.0.0, Culture=neutral, PublicKeyToken=null
  m_Sprite: {fileID: 21300000, guid: 226dcf1c7c2c84d878c1ab825c32dd98, type: 3}
  m_Type: 0
  m_PreserveAspect: 0
  m_FillCenter: 1
  m_FillMethod: 4
  m_FillAmount: 1
  m_FillClockwise: 1
  m_FillOrigin: 0
--- !u!222 &1767688453
CanvasRenderer:
  m_ObjectHideFlags: 0
  m_PrefabParentObject: {fileID: 22256554, guid: 4dbadbf16a2077241af2691f795dd825,
    type: 2}
  m_PrefabInternal: {fileID: 818651337}
  m_GameObject: {fileID: 1767688449}
--- !u!1 &1843868555
GameObject:
  m_ObjectHideFlags: 0
  m_PrefabParentObject: {fileID: 156572, guid: 4dbadbf16a2077241af2691f795dd825, type: 2}
  m_PrefabInternal: {fileID: 818651337}
  serializedVersion: 4
  m_Component:
  - 224: {fileID: 1843868559}
  - 223: {fileID: 1843868558}
  - 114: {fileID: 1843868557}
  - 114: {fileID: 1843868556}
  m_Layer: 5
  m_Name: WeatherApp_2
  m_TagString: Untagged
  m_Icon: {fileID: 0}
  m_NavMeshLayer: 0
  m_StaticEditorFlags: 0
  m_IsActive: 1
--- !u!114 &1843868556
MonoBehaviour:
  m_ObjectHideFlags: 0
  m_PrefabParentObject: {fileID: 11456566, guid: 4dbadbf16a2077241af2691f795dd825,
    type: 2}
  m_PrefabInternal: {fileID: 818651337}
  m_GameObject: {fileID: 1843868555}
  m_Enabled: 1
  m_EditorHideFlags: 0
  m_Script: {fileID: 1301386320, guid: f5f67c52d1564df4a8936ccd202a3bd8, type: 3}
  m_Name: 
  m_EditorClassIdentifier: 
  m_IgnoreReversedGraphics: 1
  m_BlockingObjects: 0
  m_BlockingMask:
    serializedVersion: 2
    m_Bits: 4294967295
--- !u!114 &1843868557
MonoBehaviour:
  m_ObjectHideFlags: 0
  m_PrefabParentObject: {fileID: 11456564, guid: 4dbadbf16a2077241af2691f795dd825,
    type: 2}
  m_PrefabInternal: {fileID: 818651337}
  m_GameObject: {fileID: 1843868555}
  m_Enabled: 1
  m_EditorHideFlags: 0
  m_Script: {fileID: 1980459831, guid: f5f67c52d1564df4a8936ccd202a3bd8, type: 3}
  m_Name: 
  m_EditorClassIdentifier: 
  m_UiScaleMode: 1
  m_ReferencePixelsPerUnit: 100
  m_ScaleFactor: 1
  m_ReferenceResolution: {x: 640, y: 1136}
  m_ScreenMatchMode: 0
  m_MatchWidthOrHeight: 1
  m_PhysicalUnit: 3
  m_FallbackScreenDPI: 96
  m_DefaultSpriteDPI: 96
  m_DynamicPixelsPerUnit: 1
--- !u!223 &1843868558
Canvas:
  m_ObjectHideFlags: 0
  m_PrefabParentObject: {fileID: 22356594, guid: 4dbadbf16a2077241af2691f795dd825,
    type: 2}
  m_PrefabInternal: {fileID: 818651337}
  m_GameObject: {fileID: 1843868555}
  m_Enabled: 1
  serializedVersion: 2
  m_RenderMode: 0
  m_Camera: {fileID: 0}
  m_PlaneDistance: 100
  m_PixelPerfect: 1
  m_ReceivesEvents: 1
  m_OverrideSorting: 0
  m_OverridePixelPerfect: 0
  m_SortingBucketNormalizedSize: 0
  m_SortingLayerID: 0
  m_SortingOrder: 0
  m_TargetDisplay: 0
--- !u!224 &1843868559
RectTransform:
  m_ObjectHideFlags: 0
  m_PrefabParentObject: {fileID: 22456572, guid: 4dbadbf16a2077241af2691f795dd825,
    type: 2}
  m_PrefabInternal: {fileID: 818651337}
  m_GameObject: {fileID: 1843868555}
  m_LocalRotation: {x: 0, y: 0, z: 0, w: 1}
  m_LocalPosition: {x: 0, y: 0, z: 0}
  m_LocalScale: {x: 0, y: 0, z: 0}
  m_LocalEulerAnglesHint: {x: 0, y: 0, z: 0}
  m_Children:
  - {fileID: 478804316}
  - {fileID: 127051296}
  - {fileID: 1381749335}
  - {fileID: 974891266}
  - {fileID: 1523589017}
  - {fileID: 882807484}
  - {fileID: 237522472}
  m_Father: {fileID: 0}
  m_RootOrder: 0
  m_AnchorMin: {x: 0, y: 0}
  m_AnchorMax: {x: 0, y: 0}
  m_AnchoredPosition: {x: 0, y: 0}
  m_SizeDelta: {x: 0, y: 0}
  m_Pivot: {x: 0, y: 0}
--- !u!1 &1900104132
GameObject:
  m_ObjectHideFlags: 0
  m_PrefabParentObject: {fileID: 156564, guid: 4dbadbf16a2077241af2691f795dd825, type: 2}
  m_PrefabInternal: {fileID: 818651337}
  serializedVersion: 4
  m_Component:
  - 224: {fileID: 1900104133}
  - 222: {fileID: 1900104135}
  - 114: {fileID: 1900104134}
  m_Layer: 5
  m_Name: Icon
  m_TagString: Untagged
  m_Icon: {fileID: 0}
  m_NavMeshLayer: 0
  m_StaticEditorFlags: 0
  m_IsActive: 1
--- !u!224 &1900104133
RectTransform:
  m_ObjectHideFlags: 0
  m_PrefabParentObject: {fileID: 22456564, guid: 4dbadbf16a2077241af2691f795dd825,
    type: 2}
  m_PrefabInternal: {fileID: 818651337}
  m_GameObject: {fileID: 1900104132}
  m_LocalRotation: {x: 0, y: 0, z: 0, w: 1}
  m_LocalPosition: {x: 0, y: 0, z: 0}
  m_LocalScale: {x: 1, y: 1, z: 1}
  m_LocalEulerAnglesHint: {x: 0, y: 0, z: 0}
  m_Children: []
  m_Father: {fileID: 974891266}
  m_RootOrder: 3
  m_AnchorMin: {x: 0, y: 0}
  m_AnchorMax: {x: 0, y: 0}
  m_AnchoredPosition: {x: 54.8, y: 512}
  m_SizeDelta: {x: 47, y: 12}
  m_Pivot: {x: 0.5, y: 0.5}
--- !u!114 &1900104134
MonoBehaviour:
  m_ObjectHideFlags: 0
  m_PrefabParentObject: {fileID: 11456556, guid: 4dbadbf16a2077241af2691f795dd825,
    type: 2}
  m_PrefabInternal: {fileID: 818651337}
  m_GameObject: {fileID: 1900104132}
  m_Enabled: 1
  m_EditorHideFlags: 0
  m_Script: {fileID: -765806418, guid: f5f67c52d1564df4a8936ccd202a3bd8, type: 3}
  m_Name: 
  m_EditorClassIdentifier: 
  m_Material: {fileID: 0}
  m_Color: {r: 1, g: 1, b: 1, a: 1}
  m_RaycastTarget: 1
  m_OnCullStateChanged:
    m_PersistentCalls:
      m_Calls: []
    m_TypeName: UnityEngine.UI.MaskableGraphic+CullStateChangedEvent, UnityEngine.UI,
      Version=1.0.0.0, Culture=neutral, PublicKeyToken=null
  m_Sprite: {fileID: 21300000, guid: ef53d79e0a1e246a29ec0e89585f6989, type: 3}
  m_Type: 0
  m_PreserveAspect: 0
  m_FillCenter: 1
  m_FillMethod: 4
  m_FillAmount: 1
  m_FillClockwise: 1
  m_FillOrigin: 0
--- !u!222 &1900104135
CanvasRenderer:
  m_ObjectHideFlags: 0
  m_PrefabParentObject: {fileID: 22256566, guid: 4dbadbf16a2077241af2691f795dd825,
    type: 2}
  m_PrefabInternal: {fileID: 818651337}
  m_GameObject: {fileID: 1900104132}
--- !u!1 &1923898477
GameObject:
  m_ObjectHideFlags: 0
  m_PrefabParentObject: {fileID: 156536, guid: 4dbadbf16a2077241af2691f795dd825, type: 2}
  m_PrefabInternal: {fileID: 818651337}
  serializedVersion: 4
  m_Component:
  - 224: {fileID: 1923898478}
  - 222: {fileID: 1923898480}
  - 114: {fileID: 1923898479}
  m_Layer: 5
  m_Name: Text
  m_TagString: Untagged
  m_Icon: {fileID: 0}
  m_NavMeshLayer: 0
  m_StaticEditorFlags: 0
  m_IsActive: 1
--- !u!224 &1923898478
RectTransform:
  m_ObjectHideFlags: 0
  m_PrefabParentObject: {fileID: 22456536, guid: 4dbadbf16a2077241af2691f795dd825,
    type: 2}
  m_PrefabInternal: {fileID: 818651337}
  m_GameObject: {fileID: 1923898477}
  m_LocalRotation: {x: 0, y: 0, z: 0, w: 1}
  m_LocalPosition: {x: 0, y: 0, z: 0}
  m_LocalScale: {x: 1, y: 1, z: 1}
  m_LocalEulerAnglesHint: {x: 0, y: 0, z: 0}
  m_Children: []
  m_Father: {fileID: 882807484}
  m_RootOrder: 2
  m_AnchorMin: {x: 0.5, y: 0.5}
  m_AnchorMax: {x: 0.5, y: 0.5}
  m_AnchoredPosition: {x: -4.1, y: -134}
  m_SizeDelta: {x: 50.5, y: 30}
  m_Pivot: {x: 0.5, y: 0.5}
--- !u!114 &1923898479
MonoBehaviour:
  m_ObjectHideFlags: 0
  m_PrefabParentObject: {fileID: 11456520, guid: 4dbadbf16a2077241af2691f795dd825,
    type: 2}
  m_PrefabInternal: {fileID: 818651337}
  m_GameObject: {fileID: 1923898477}
  m_Enabled: 1
  m_EditorHideFlags: 0
  m_Script: {fileID: 708705254, guid: f5f67c52d1564df4a8936ccd202a3bd8, type: 3}
  m_Name: 
  m_EditorClassIdentifier: 
  m_Material: {fileID: 0}
  m_Color: {r: 1, g: 1, b: 1, a: 1}
  m_RaycastTarget: 1
  m_OnCullStateChanged:
    m_PersistentCalls:
      m_Calls: []
    m_TypeName: UnityEngine.UI.MaskableGraphic+CullStateChangedEvent, UnityEngine.UI,
      Version=1.0.0.0, Culture=neutral, PublicKeyToken=null
  m_FontData:
    m_Font: {fileID: 12800000, guid: 218956a5c2a6e42d6a60afccf80b002b, type: 3}
    m_FontSize: 13
    m_FontStyle: 0
    m_BestFit: 0
    m_MinSize: 10
    m_MaxSize: 40
    m_Alignment: 0
    m_AlignByGeometry: 0
    m_RichText: 1
    m_HorizontalOverflow: 0
    m_VerticalOverflow: 0
    m_LineSpacing: 1
  m_Text: London
--- !u!222 &1923898480
CanvasRenderer:
  m_ObjectHideFlags: 0
  m_PrefabParentObject: {fileID: 22256538, guid: 4dbadbf16a2077241af2691f795dd825,
    type: 2}
  m_PrefabInternal: {fileID: 818651337}
  m_GameObject: {fileID: 1923898477}
--- !u!1 &2022417147
GameObject:
  m_ObjectHideFlags: 0
  m_PrefabParentObject: {fileID: 156554, guid: 4dbadbf16a2077241af2691f795dd825, type: 2}
  m_PrefabInternal: {fileID: 818651337}
  serializedVersion: 4
  m_Component:
  - 224: {fileID: 2022417148}
  - 222: {fileID: 2022417150}
  - 114: {fileID: 2022417149}
  m_Layer: 5
  m_Name: Icon
  m_TagString: Untagged
  m_Icon: {fileID: 0}
  m_NavMeshLayer: 0
  m_StaticEditorFlags: 0
  m_IsActive: 1
--- !u!224 &2022417148
RectTransform:
  m_ObjectHideFlags: 0
  m_PrefabParentObject: {fileID: 22456554, guid: 4dbadbf16a2077241af2691f795dd825,
    type: 2}
  m_PrefabInternal: {fileID: 818651337}
  m_GameObject: {fileID: 2022417147}
  m_LocalRotation: {x: 0, y: 0, z: 0, w: 1}
  m_LocalPosition: {x: 0, y: 0, z: 0}
  m_LocalScale: {x: 1, y: 1, z: 1}
  m_LocalEulerAnglesHint: {x: 0, y: 0, z: 0}
  m_Children: []
  m_Father: {fileID: 882807484}
  m_RootOrder: 0
  m_AnchorMin: {x: 0, y: 0}
  m_AnchorMax: {x: 0, y: 0}
  m_AnchoredPosition: {x: 158, y: 282}
  m_SizeDelta: {x: 161, y: 161}
  m_Pivot: {x: 0.5, y: 0.5}
--- !u!114 &2022417149
MonoBehaviour:
  m_ObjectHideFlags: 0
  m_PrefabParentObject: {fileID: 11456546, guid: 4dbadbf16a2077241af2691f795dd825,
    type: 2}
  m_PrefabInternal: {fileID: 818651337}
  m_GameObject: {fileID: 2022417147}
  m_Enabled: 1
  m_EditorHideFlags: 0
  m_Script: {fileID: -765806418, guid: f5f67c52d1564df4a8936ccd202a3bd8, type: 3}
  m_Name: 
  m_EditorClassIdentifier: 
  m_Material: {fileID: 0}
  m_Color: {r: 0.9490196, g: 0.9490196, b: 0.9490196, a: 1}
  m_RaycastTarget: 1
  m_OnCullStateChanged:
    m_PersistentCalls:
      m_Calls: []
    m_TypeName: UnityEngine.UI.MaskableGraphic+CullStateChangedEvent, UnityEngine.UI,
      Version=1.0.0.0, Culture=neutral, PublicKeyToken=null
  m_Sprite: {fileID: 21300000, guid: 73bb3bbba7588a54f999f0bc13316b6c, type: 3}
  m_Type: 0
  m_PreserveAspect: 0
  m_FillCenter: 1
  m_FillMethod: 4
  m_FillAmount: 1
  m_FillClockwise: 1
  m_FillOrigin: 0
--- !u!222 &2022417150
CanvasRenderer:
  m_ObjectHideFlags: 0
  m_PrefabParentObject: {fileID: 22256556, guid: 4dbadbf16a2077241af2691f795dd825,
    type: 2}
  m_PrefabInternal: {fileID: 818651337}
  m_GameObject: {fileID: 2022417147}
