%YAML 1.1
%TAG !u! tag:unity3d.com,2011:
--- !u!29 &1
SceneSettings:
  m_ObjectHideFlags: 0
  m_PVSData: 
  m_PVSObjectsArray: []
  m_PVSPortalsArray: []
  m_OcclusionBakeSettings:
    smallestOccluder: 5
    smallestHole: 0.25
    backfaceThreshold: 100
--- !u!104 &2
RenderSettings:
  m_ObjectHideFlags: 0
  serializedVersion: 7
  m_Fog: 0
  m_FogColor: {r: 0.5, g: 0.5, b: 0.5, a: 1}
  m_FogMode: 3
  m_FogDensity: 0.01
  m_LinearFogStart: 0
  m_LinearFogEnd: 300
  m_AmbientSkyColor: {r: 0.212, g: 0.227, b: 0.259, a: 1}
  m_AmbientEquatorColor: {r: 0.114, g: 0.125, b: 0.133, a: 1}
  m_AmbientGroundColor: {r: 0.047, g: 0.043, b: 0.035, a: 1}
  m_AmbientIntensity: 1
  m_AmbientMode: 0
  m_SkyboxMaterial: {fileID: 10304, guid: 0000000000000000f000000000000000, type: 0}
  m_HaloStrength: 0.5
  m_FlareStrength: 1
  m_FlareFadeSpeed: 3
  m_HaloTexture: {fileID: 0}
  m_SpotCookie: {fileID: 10001, guid: 0000000000000000e000000000000000, type: 0}
  m_DefaultReflectionMode: 0
  m_DefaultReflectionResolution: 128
  m_ReflectionBounces: 1
  m_ReflectionIntensity: 1
  m_CustomReflection: {fileID: 0}
  m_Sun: {fileID: 0}
  m_IndirectSpecularColor: {r: 0, g: 0, b: 0, a: 1}
--- !u!157 &4
LightmapSettings:
  m_ObjectHideFlags: 0
  serializedVersion: 7
  m_GIWorkflowMode: 0
  m_GISettings:
    serializedVersion: 2
    m_BounceScale: 1
    m_IndirectOutputScale: 1
    m_AlbedoBoost: 1
    m_TemporalCoherenceThreshold: 1
    m_EnvironmentLightingMode: 0
    m_EnableBakedLightmaps: 1
    m_EnableRealtimeLightmaps: 1
  m_LightmapEditorSettings:
    serializedVersion: 4
    m_Resolution: 2
    m_BakeResolution: 40
    m_TextureWidth: 1024
    m_TextureHeight: 1024
    m_AO: 0
    m_AOMaxDistance: 1
    m_CompAOExponent: 0
    m_CompAOExponentDirect: 0
    m_Padding: 2
    m_LightmapParameters: {fileID: 0}
    m_LightmapsBakeMode: 1
    m_TextureCompression: 1
    m_DirectLightInLightProbes: 1
    m_FinalGather: 0
    m_FinalGatherFiltering: 1
    m_FinalGatherRayCount: 1024
    m_ReflectionCompression: 2
  m_LightingDataAsset: {fileID: 0}
  m_RuntimeCPUUsage: 25
--- !u!196 &5
NavMeshSettings:
  serializedVersion: 2
  m_ObjectHideFlags: 0
  m_BuildSettings:
    serializedVersion: 2
    agentRadius: 0.5
    agentHeight: 2
    agentSlope: 45
    agentClimb: 0.4
    ledgeDropHeight: 0
    maxJumpAcrossDistance: 0
    accuratePlacement: 0
    minRegionArea: 2
    cellSize: 0.16666667
    manualCellSize: 0
  m_NavMeshData: {fileID: 0}
--- !u!1 &36091500
GameObject:
  m_ObjectHideFlags: 0
  m_PrefabParentObject: {fileID: 196304, guid: f1de4bbb502ee8d409a782814fd8a0f3, type: 2}
  m_PrefabInternal: {fileID: 2069744234}
  serializedVersion: 4
  m_Component:
  - 224: {fileID: 36091501}
  - 222: {fileID: 36091503}
  - 114: {fileID: 36091502}
  m_Layer: 5
  m_Name: FillingObject
  m_TagString: Untagged
  m_Icon: {fileID: 0}
  m_NavMeshLayer: 0
  m_StaticEditorFlags: 0
  m_IsActive: 1
--- !u!224 &36091501
RectTransform:
  m_ObjectHideFlags: 0
  m_PrefabParentObject: {fileID: 22496304, guid: f1de4bbb502ee8d409a782814fd8a0f3,
    type: 2}
  m_PrefabInternal: {fileID: 2069744234}
  m_GameObject: {fileID: 36091500}
  m_LocalRotation: {x: 0, y: 0, z: 0, w: 1}
  m_LocalPosition: {x: 0, y: 0, z: 0}
  m_LocalScale: {x: 1, y: 1, z: 1}
  m_LocalEulerAnglesHint: {x: 0, y: 0, z: 0}
  m_Children:
  - {fileID: 1856949506}
  - {fileID: 1977438395}
  - {fileID: 450158858}
  - {fileID: 1660015291}
  m_Father: {fileID: 1113967528}
  m_RootOrder: 6
  m_AnchorMin: {x: 0.5, y: 0.5}
  m_AnchorMax: {x: 0.5, y: 0.5}
  m_AnchoredPosition: {x: 150, y: 140}
  m_SizeDelta: {x: 212, y: 212}
  m_Pivot: {x: 0.5, y: 0.5}
--- !u!114 &36091502
MonoBehaviour:
  m_ObjectHideFlags: 0
  m_PrefabParentObject: {fileID: 11496304, guid: f1de4bbb502ee8d409a782814fd8a0f3,
    type: 2}
  m_PrefabInternal: {fileID: 2069744234}
  m_GameObject: {fileID: 36091500}
  m_Enabled: 1
  m_EditorHideFlags: 0
  m_Script: {fileID: -765806418, guid: f5f67c52d1564df4a8936ccd202a3bd8, type: 3}
  m_Name: 
  m_EditorClassIdentifier: 
  m_Material: {fileID: 0}
  m_Color: {r: 0.13854672, g: 0.14440073, b: 0.15294118, a: 1}
  m_RaycastTarget: 1
  m_OnCullStateChanged:
    m_PersistentCalls:
      m_Calls: []
    m_TypeName: UnityEngine.UI.MaskableGraphic+CullStateChangedEvent, UnityEngine.UI,
      Version=1.0.0.0, Culture=neutral, PublicKeyToken=null
  m_Sprite: {fileID: 21300000, guid: 0796c5d7e7e637d40a42ad4deab007c5, type: 3}
  m_Type: 3
  m_PreserveAspect: 0
  m_FillCenter: 1
  m_FillMethod: 4
  m_FillAmount: 1
  m_FillClockwise: 1
  m_FillOrigin: 2
--- !u!222 &36091503
CanvasRenderer:
  m_ObjectHideFlags: 0
  m_PrefabParentObject: {fileID: 22296304, guid: f1de4bbb502ee8d409a782814fd8a0f3,
    type: 2}
  m_PrefabInternal: {fileID: 2069744234}
  m_GameObject: {fileID: 36091500}
--- !u!1 &189168621
GameObject:
  m_ObjectHideFlags: 0
  m_PrefabParentObject: {fileID: 196326, guid: f1de4bbb502ee8d409a782814fd8a0f3, type: 2}
  m_PrefabInternal: {fileID: 2069744234}
  serializedVersion: 4
  m_Component:
  - 224: {fileID: 189168622}
  - 222: {fileID: 189168625}
  - 114: {fileID: 189168624}
  - 114: {fileID: 189168623}
  m_Layer: 5
  m_Name: Button
  m_TagString: Untagged
  m_Icon: {fileID: 0}
  m_NavMeshLayer: 0
  m_StaticEditorFlags: 0
  m_IsActive: 1
--- !u!224 &189168622
RectTransform:
  m_ObjectHideFlags: 0
  m_PrefabParentObject: {fileID: 22496326, guid: f1de4bbb502ee8d409a782814fd8a0f3,
    type: 2}
  m_PrefabInternal: {fileID: 2069744234}
  m_GameObject: {fileID: 189168621}
  m_LocalRotation: {x: 0, y: 0, z: 1, w: -0.00000004371139}
  m_LocalPosition: {x: 0, y: 0, z: 0}
  m_LocalScale: {x: 0.8, y: 0.8, z: 1}
  m_LocalEulerAnglesHint: {x: 0, y: 0, z: 0}
  m_Children:
  - {fileID: 1722697009}
  m_Father: {fileID: 1113967528}
  m_RootOrder: 4
  m_AnchorMin: {x: 0.5, y: 0.5}
  m_AnchorMax: {x: 0.5, y: 0.5}
  m_AnchoredPosition: {x: -145.5, y: 381}
  m_SizeDelta: {x: 303.7, y: 100}
  m_Pivot: {x: 0.5, y: 0.5}
--- !u!114 &189168623
MonoBehaviour:
  m_ObjectHideFlags: 0
  m_PrefabParentObject: {fileID: 11496328, guid: f1de4bbb502ee8d409a782814fd8a0f3,
    type: 2}
  m_PrefabInternal: {fileID: 2069744234}
  m_GameObject: {fileID: 189168621}
  m_Enabled: 1
  m_EditorHideFlags: 0
  m_Script: {fileID: 1392445389, guid: f5f67c52d1564df4a8936ccd202a3bd8, type: 3}
  m_Name: 
  m_EditorClassIdentifier: 
  m_Navigation:
    m_Mode: 3
    m_SelectOnUp: {fileID: 0}
    m_SelectOnDown: {fileID: 0}
    m_SelectOnLeft: {fileID: 0}
    m_SelectOnRight: {fileID: 0}
  m_Transition: 1
  m_Colors:
    m_NormalColor: {r: 1, g: 1, b: 1, a: 1}
    m_HighlightedColor: {r: 0.9607843, g: 0.9607843, b: 0.9607843, a: 1}
    m_PressedColor: {r: 0.78431374, g: 0.78431374, b: 0.78431374, a: 1}
    m_DisabledColor: {r: 0.78431374, g: 0.78431374, b: 0.78431374, a: 0.5019608}
    m_ColorMultiplier: 1
    m_FadeDuration: 0.1
  m_SpriteState:
    m_HighlightedSprite: {fileID: 0}
    m_PressedSprite: {fileID: 0}
    m_DisabledSprite: {fileID: 0}
  m_AnimationTriggers:
    m_NormalTrigger: Normal
    m_HighlightedTrigger: Highlighted
    m_PressedTrigger: Pressed
    m_DisabledTrigger: Disabled
  m_Interactable: 1
  m_TargetGraphic: {fileID: 189168624}
  m_OnClick:
    m_PersistentCalls:
      m_Calls: []
    m_TypeName: UnityEngine.UI.Button+ButtonClickedEvent, UnityEngine.UI, Version=1.0.0.0,
      Culture=neutral, PublicKeyToken=null
--- !u!114 &189168624
MonoBehaviour:
  m_ObjectHideFlags: 0
  m_PrefabParentObject: {fileID: 11496330, guid: f1de4bbb502ee8d409a782814fd8a0f3,
    type: 2}
  m_PrefabInternal: {fileID: 2069744234}
  m_GameObject: {fileID: 189168621}
  m_Enabled: 1
  m_EditorHideFlags: 0
  m_Script: {fileID: -765806418, guid: f5f67c52d1564df4a8936ccd202a3bd8, type: 3}
  m_Name: 
  m_EditorClassIdentifier: 
  m_Material: {fileID: 0}
  m_Color: {r: 0.17165874, g: 0.9338235, b: 0.55536926, a: 1}
  m_RaycastTarget: 1
  m_OnCullStateChanged:
    m_PersistentCalls:
      m_Calls: []
    m_TypeName: UnityEngine.UI.MaskableGraphic+CullStateChangedEvent, UnityEngine.UI,
      Version=1.0.0.0, Culture=neutral, PublicKeyToken=null
  m_Sprite: {fileID: 21300000, guid: e2d222ff67f498a4ba4efc3d7ee2986a, type: 3}
  m_Type: 1
  m_PreserveAspect: 0
  m_FillCenter: 1
  m_FillMethod: 4
  m_FillAmount: 1
  m_FillClockwise: 1
  m_FillOrigin: 0
--- !u!222 &189168625
CanvasRenderer:
  m_ObjectHideFlags: 0
  m_PrefabParentObject: {fileID: 22296326, guid: f1de4bbb502ee8d409a782814fd8a0f3,
    type: 2}
  m_PrefabInternal: {fileID: 2069744234}
  m_GameObject: {fileID: 189168621}
--- !u!1 &237405915
GameObject:
  m_ObjectHideFlags: 0
  m_PrefabParentObject: {fileID: 196338, guid: f1de4bbb502ee8d409a782814fd8a0f3, type: 2}
  m_PrefabInternal: {fileID: 2069744234}
  serializedVersion: 4
  m_Component:
  - 224: {fileID: 237405916}
  - 222: {fileID: 237405918}
  - 114: {fileID: 237405917}
  m_Layer: 5
  m_Name: FillingObject
  m_TagString: Untagged
  m_Icon: {fileID: 0}
  m_NavMeshLayer: 0
  m_StaticEditorFlags: 0
  m_IsActive: 1
--- !u!224 &237405916
RectTransform:
  m_ObjectHideFlags: 0
  m_PrefabParentObject: {fileID: 22496338, guid: f1de4bbb502ee8d409a782814fd8a0f3,
    type: 2}
  m_PrefabInternal: {fileID: 2069744234}
  m_GameObject: {fileID: 237405915}
  m_LocalRotation: {x: 0, y: 0, z: 0, w: 1}
  m_LocalPosition: {x: 0, y: 0, z: 0}
  m_LocalScale: {x: 1, y: 1, z: 1}
  m_LocalEulerAnglesHint: {x: 0, y: 0, z: 0}
  m_Children: []
  m_Father: {fileID: 786704794}
  m_RootOrder: 0
  m_AnchorMin: {x: 0.5, y: 0.5}
  m_AnchorMax: {x: 0.5, y: 0.5}
  m_AnchoredPosition: {x: 0, y: 0}
  m_SizeDelta: {x: 231, y: 231}
  m_Pivot: {x: 0.5, y: 0.5}
--- !u!114 &237405917
MonoBehaviour:
  m_ObjectHideFlags: 0
  m_PrefabParentObject: {fileID: 11496346, guid: f1de4bbb502ee8d409a782814fd8a0f3,
    type: 2}
  m_PrefabInternal: {fileID: 2069744234}
  m_GameObject: {fileID: 237405915}
  m_Enabled: 1
  m_EditorHideFlags: 0
  m_Script: {fileID: -765806418, guid: f5f67c52d1564df4a8936ccd202a3bd8, type: 3}
  m_Name: 
  m_EditorClassIdentifier: 
  m_Material: {fileID: 0}
  m_Color: {r: 0.99215686, g: 0.4509804, b: 0.44313726, a: 1}
  m_RaycastTarget: 1
  m_OnCullStateChanged:
    m_PersistentCalls:
      m_Calls: []
    m_TypeName: UnityEngine.UI.MaskableGraphic+CullStateChangedEvent, UnityEngine.UI,
      Version=1.0.0.0, Culture=neutral, PublicKeyToken=null
  m_Sprite: {fileID: 21300000, guid: 5edfdb1318310614985b8de7ab9b784c, type: 3}
  m_Type: 3
  m_PreserveAspect: 0
  m_FillCenter: 1
  m_FillMethod: 4
  m_FillAmount: 0.402
  m_FillClockwise: 1
  m_FillOrigin: 2
--- !u!222 &237405918
CanvasRenderer:
  m_ObjectHideFlags: 0
  m_PrefabParentObject: {fileID: 22296338, guid: f1de4bbb502ee8d409a782814fd8a0f3,
    type: 2}
  m_PrefabInternal: {fileID: 2069744234}
  m_GameObject: {fileID: 237405915}
--- !u!1 &268197679
GameObject:
  m_ObjectHideFlags: 0
  m_PrefabParentObject: {fileID: 196348, guid: f1de4bbb502ee8d409a782814fd8a0f3, type: 2}
  m_PrefabInternal: {fileID: 2069744234}
  serializedVersion: 4
  m_Component:
  - 224: {fileID: 268197680}
  - 222: {fileID: 268197682}
  - 114: {fileID: 268197681}
  m_Layer: 5
  m_Name: Text
  m_TagString: Untagged
  m_Icon: {fileID: 0}
  m_NavMeshLayer: 0
  m_StaticEditorFlags: 0
  m_IsActive: 1
--- !u!224 &268197680
RectTransform:
  m_ObjectHideFlags: 0
  m_PrefabParentObject: {fileID: 22496348, guid: f1de4bbb502ee8d409a782814fd8a0f3,
    type: 2}
  m_PrefabInternal: {fileID: 2069744234}
  m_GameObject: {fileID: 268197679}
  m_LocalRotation: {x: 0, y: 0, z: 0, w: 1}
  m_LocalPosition: {x: 0, y: 0, z: 0}
  m_LocalScale: {x: 1, y: 1, z: 1}
  m_LocalEulerAnglesHint: {x: 0, y: 0, z: 0}
  m_Children: []
  m_Father: {fileID: 786704794}
  m_RootOrder: 1
  m_AnchorMin: {x: 0.5, y: 0.5}
  m_AnchorMax: {x: 0.5, y: 0.5}
  m_AnchoredPosition: {x: 0, y: 10}
  m_SizeDelta: {x: 155.4, y: 122.1}
  m_Pivot: {x: 0.5, y: 0.5}
--- !u!114 &268197681
MonoBehaviour:
  m_ObjectHideFlags: 0
  m_PrefabParentObject: {fileID: 11496356, guid: f1de4bbb502ee8d409a782814fd8a0f3,
    type: 2}
  m_PrefabInternal: {fileID: 2069744234}
  m_GameObject: {fileID: 268197679}
  m_Enabled: 1
  m_EditorHideFlags: 0
  m_Script: {fileID: 708705254, guid: f5f67c52d1564df4a8936ccd202a3bd8, type: 3}
  m_Name: 
  m_EditorClassIdentifier: 
  m_Material: {fileID: 0}
  m_Color: {r: 0.99215686, g: 0.4509804, b: 0.44313726, a: 1}
  m_RaycastTarget: 1
  m_OnCullStateChanged:
    m_PersistentCalls:
      m_Calls: []
    m_TypeName: UnityEngine.UI.MaskableGraphic+CullStateChangedEvent, UnityEngine.UI,
      Version=1.0.0.0, Culture=neutral, PublicKeyToken=null
  m_FontData:
    m_Font: {fileID: 12800000, guid: 0302b41c1bd344c75aa27df81f317832, type: 3}
    m_FontSize: 56
    m_FontStyle: 0
    m_BestFit: 0
    m_MinSize: 10
    m_MaxSize: 56
    m_Alignment: 4
    m_AlignByGeometry: 0
    m_RichText: 1
    m_HorizontalOverflow: 0
    m_VerticalOverflow: 0
    m_LineSpacing: 1
  m_Text: 40%
--- !u!222 &268197682
CanvasRenderer:
  m_ObjectHideFlags: 0
  m_PrefabParentObject: {fileID: 22296348, guid: f1de4bbb502ee8d409a782814fd8a0f3,
    type: 2}
  m_PrefabInternal: {fileID: 2069744234}
  m_GameObject: {fileID: 268197679}
--- !u!1 &318353868
GameObject:
  m_ObjectHideFlags: 0
  m_PrefabParentObject: {fileID: 196350, guid: f1de4bbb502ee8d409a782814fd8a0f3, type: 2}
  m_PrefabInternal: {fileID: 2069744234}
  serializedVersion: 4
  m_Component:
  - 224: {fileID: 318353869}
  - 222: {fileID: 318353871}
  - 114: {fileID: 318353870}
  m_Layer: 5
  m_Name: Image
  m_TagString: Untagged
  m_Icon: {fileID: 0}
  m_NavMeshLayer: 0
  m_StaticEditorFlags: 0
  m_IsActive: 1
--- !u!224 &318353869
RectTransform:
  m_ObjectHideFlags: 0
  m_PrefabParentObject: {fileID: 22496350, guid: f1de4bbb502ee8d409a782814fd8a0f3,
    type: 2}
  m_PrefabInternal: {fileID: 2069744234}
  m_GameObject: {fileID: 318353868}
  m_LocalRotation: {x: 0, y: 0, z: 0, w: 1}
  m_LocalPosition: {x: 0, y: 0, z: 0}
  m_LocalScale: {x: 1, y: 1, z: 1}
  m_LocalEulerAnglesHint: {x: 0, y: 0, z: 0}
  m_Children: []
  m_Father: {fileID: 1113967528}
  m_RootOrder: 0
  m_AnchorMin: {x: 0.5, y: 0.5}
  m_AnchorMax: {x: 0.5, y: 0.5}
  m_AnchoredPosition: {x: 0, y: 560}
  m_SizeDelta: {x: 640, y: 16}
  m_Pivot: {x: 0.5, y: 0.5}
--- !u!114 &318353870
MonoBehaviour:
  m_ObjectHideFlags: 0
  m_PrefabParentObject: {fileID: 11496358, guid: f1de4bbb502ee8d409a782814fd8a0f3,
    type: 2}
  m_PrefabInternal: {fileID: 2069744234}
  m_GameObject: {fileID: 318353868}
  m_Enabled: 1
  m_EditorHideFlags: 0
  m_Script: {fileID: -765806418, guid: f5f67c52d1564df4a8936ccd202a3bd8, type: 3}
  m_Name: 
  m_EditorClassIdentifier: 
  m_Material: {fileID: 0}
  m_Color: {r: 0.17165874, g: 0.9338235, b: 0.55536926, a: 1}
  m_RaycastTarget: 1
  m_OnCullStateChanged:
    m_PersistentCalls:
      m_Calls: []
    m_TypeName: UnityEngine.UI.MaskableGraphic+CullStateChangedEvent, UnityEngine.UI,
      Version=1.0.0.0, Culture=neutral, PublicKeyToken=null
  m_Sprite: {fileID: 0}
  m_Type: 0
  m_PreserveAspect: 0
  m_FillCenter: 1
  m_FillMethod: 4
  m_FillAmount: 1
  m_FillClockwise: 1
  m_FillOrigin: 0
--- !u!222 &318353871
CanvasRenderer:
  m_ObjectHideFlags: 0
  m_PrefabParentObject: {fileID: 22296350, guid: f1de4bbb502ee8d409a782814fd8a0f3,
    type: 2}
  m_PrefabInternal: {fileID: 2069744234}
  m_GameObject: {fileID: 318353868}
--- !u!1 &450158857
GameObject:
  m_ObjectHideFlags: 0
  m_PrefabParentObject: {fileID: 196306, guid: f1de4bbb502ee8d409a782814fd8a0f3, type: 2}
  m_PrefabInternal: {fileID: 2069744234}
  serializedVersion: 4
  m_Component:
  - 224: {fileID: 450158858}
  - 222: {fileID: 450158860}
  - 114: {fileID: 450158859}
  m_Layer: 5
  m_Name: Text
  m_TagString: Untagged
  m_Icon: {fileID: 0}
  m_NavMeshLayer: 0
  m_StaticEditorFlags: 0
  m_IsActive: 1
--- !u!224 &450158858
RectTransform:
  m_ObjectHideFlags: 0
  m_PrefabParentObject: {fileID: 22496306, guid: f1de4bbb502ee8d409a782814fd8a0f3,
    type: 2}
  m_PrefabInternal: {fileID: 2069744234}
  m_GameObject: {fileID: 450158857}
  m_LocalRotation: {x: 0, y: 0, z: 0, w: 1}
  m_LocalPosition: {x: 0, y: 0, z: 0}
  m_LocalScale: {x: 1, y: 1, z: 1}
  m_LocalEulerAnglesHint: {x: 0, y: 0, z: 0}
  m_Children: []
  m_Father: {fileID: 36091501}
  m_RootOrder: 2
  m_AnchorMin: {x: 0.5, y: 0.5}
  m_AnchorMax: {x: 0.5, y: 0.5}
  m_AnchoredPosition: {x: 0, y: -149}
  m_SizeDelta: {x: 211.06, y: 67}
  m_Pivot: {x: 0.5, y: 0.5}
--- !u!114 &450158859
MonoBehaviour:
  m_ObjectHideFlags: 0
  m_PrefabParentObject: {fileID: 11496306, guid: f1de4bbb502ee8d409a782814fd8a0f3,
    type: 2}
  m_PrefabInternal: {fileID: 2069744234}
  m_GameObject: {fileID: 450158857}
  m_Enabled: 1
  m_EditorHideFlags: 0
  m_Script: {fileID: 708705254, guid: f5f67c52d1564df4a8936ccd202a3bd8, type: 3}
  m_Name: 
  m_EditorClassIdentifier: 
  m_Material: {fileID: 0}
  m_Color: {r: 0.9044118, g: 0.9044118, b: 0.9044118, a: 1}
  m_RaycastTarget: 1
  m_OnCullStateChanged:
    m_PersistentCalls:
      m_Calls: []
    m_TypeName: UnityEngine.UI.MaskableGraphic+CullStateChangedEvent, UnityEngine.UI,
      Version=1.0.0.0, Culture=neutral, PublicKeyToken=null
  m_FontData:
    m_Font: {fileID: 12800000, guid: bd1ea67ca2b5742d1a24fcbdc17c55e1, type: 3}
    m_FontSize: 45
    m_FontStyle: 0
    m_BestFit: 0
    m_MinSize: 10
    m_MaxSize: 45
    m_Alignment: 4
    m_AlignByGeometry: 0
    m_RichText: 1
    m_HorizontalOverflow: 0
    m_VerticalOverflow: 0
    m_LineSpacing: 1
  m_Text: Calories
--- !u!222 &450158860
CanvasRenderer:
  m_ObjectHideFlags: 0
  m_PrefabParentObject: {fileID: 22296306, guid: f1de4bbb502ee8d409a782814fd8a0f3,
    type: 2}
  m_PrefabInternal: {fileID: 2069744234}
  m_GameObject: {fileID: 450158857}
--- !u!1 &527898826
GameObject:
  m_ObjectHideFlags: 0
  m_PrefabParentObject: {fileID: 196324, guid: f1de4bbb502ee8d409a782814fd8a0f3, type: 2}
  m_PrefabInternal: {fileID: 2069744234}
  serializedVersion: 4
  m_Component:
  - 224: {fileID: 527898827}
  - 222: {fileID: 527898829}
  - 114: {fileID: 527898828}
  m_Layer: 5
  m_Name: Image
  m_TagString: Untagged
  m_Icon: {fileID: 0}
  m_NavMeshLayer: 0
  m_StaticEditorFlags: 0
  m_IsActive: 1
--- !u!224 &527898827
RectTransform:
  m_ObjectHideFlags: 0
  m_PrefabParentObject: {fileID: 22496324, guid: f1de4bbb502ee8d409a782814fd8a0f3,
    type: 2}
  m_PrefabInternal: {fileID: 2069744234}
  m_GameObject: {fileID: 527898826}
  m_LocalRotation: {x: 0, y: 0, z: 0, w: 1}
  m_LocalPosition: {x: 0, y: 0, z: 0}
  m_LocalScale: {x: 1, y: 1, z: 1}
  m_LocalEulerAnglesHint: {x: 0, y: 0, z: 0}
  m_Children: []
  m_Father: {fileID: 948104172}
  m_RootOrder: 0
  m_AnchorMin: {x: 0.5, y: 0.5}
  m_AnchorMax: {x: 0.5, y: 0.5}
  m_AnchoredPosition: {x: 0, y: 0}
  m_SizeDelta: {x: 72, y: 96}
  m_Pivot: {x: 0.5, y: 0.5}
--- !u!114 &527898828
MonoBehaviour:
  m_ObjectHideFlags: 0
  m_PrefabParentObject: {fileID: 11496326, guid: f1de4bbb502ee8d409a782814fd8a0f3,
    type: 2}
  m_PrefabInternal: {fileID: 2069744234}
  m_GameObject: {fileID: 527898826}
  m_Enabled: 1
  m_EditorHideFlags: 0
  m_Script: {fileID: -765806418, guid: f5f67c52d1564df4a8936ccd202a3bd8, type: 3}
  m_Name: 
  m_EditorClassIdentifier: 
  m_Material: {fileID: 0}
  m_Color: {r: 0.99215686, g: 0.4509804, b: 0.44313726, a: 1}
  m_RaycastTarget: 1
  m_OnCullStateChanged:
    m_PersistentCalls:
      m_Calls: []
    m_TypeName: UnityEngine.UI.MaskableGraphic+CullStateChangedEvent, UnityEngine.UI,
      Version=1.0.0.0, Culture=neutral, PublicKeyToken=null
  m_Sprite: {fileID: 21300000, guid: fb6814f50822dea4fad9a97dc6bd8e67, type: 3}
  m_Type: 0
  m_PreserveAspect: 0
  m_FillCenter: 1
  m_FillMethod: 4
  m_FillAmount: 1
  m_FillClockwise: 1
  m_FillOrigin: 0
--- !u!222 &527898829
CanvasRenderer:
  m_ObjectHideFlags: 0
  m_PrefabParentObject: {fileID: 22296324, guid: f1de4bbb502ee8d409a782814fd8a0f3,
    type: 2}
  m_PrefabInternal: {fileID: 2069744234}
  m_GameObject: {fileID: 527898826}
--- !u!1 &528185144
GameObject:
  m_ObjectHideFlags: 0
  m_PrefabParentObject: {fileID: 196358, guid: f1de4bbb502ee8d409a782814fd8a0f3, type: 2}
  m_PrefabInternal: {fileID: 2069744234}
  serializedVersion: 4
  m_Component:
  - 224: {fileID: 528185145}
  - 222: {fileID: 528185147}
  - 114: {fileID: 528185146}
  m_Layer: 5
  m_Name: Text
  m_TagString: Untagged
  m_Icon: {fileID: 0}
  m_NavMeshLayer: 0
  m_StaticEditorFlags: 0
  m_IsActive: 1
--- !u!224 &528185145
RectTransform:
  m_ObjectHideFlags: 0
  m_PrefabParentObject: {fileID: 22496358, guid: f1de4bbb502ee8d409a782814fd8a0f3,
    type: 2}
  m_PrefabInternal: {fileID: 2069744234}
  m_GameObject: {fileID: 528185144}
  m_LocalRotation: {x: 0, y: 0, z: 0, w: 1}
  m_LocalPosition: {x: 0, y: 0, z: 0}
  m_LocalScale: {x: 1, y: 1, z: 1}
  m_LocalEulerAnglesHint: {x: 0, y: 0, z: 0}
  m_Children: []
  m_Father: {fileID: 653767660}
  m_RootOrder: 1
  m_AnchorMin: {x: 0.5, y: 0.5}
  m_AnchorMax: {x: 0.5, y: 0.5}
  m_AnchoredPosition: {x: 0, y: -149}
  m_SizeDelta: {x: 211.06, y: 67}
  m_Pivot: {x: 0.5, y: 0.5}
--- !u!114 &528185146
MonoBehaviour:
  m_ObjectHideFlags: 0
  m_PrefabParentObject: {fileID: 11496368, guid: f1de4bbb502ee8d409a782814fd8a0f3,
    type: 2}
  m_PrefabInternal: {fileID: 2069744234}
  m_GameObject: {fileID: 528185144}
  m_Enabled: 1
  m_EditorHideFlags: 0
  m_Script: {fileID: 708705254, guid: f5f67c52d1564df4a8936ccd202a3bd8, type: 3}
  m_Name: 
  m_EditorClassIdentifier: 
  m_Material: {fileID: 0}
  m_Color: {r: 0.9044118, g: 0.9044118, b: 0.9044118, a: 1}
  m_RaycastTarget: 1
  m_OnCullStateChanged:
    m_PersistentCalls:
      m_Calls: []
    m_TypeName: UnityEngine.UI.MaskableGraphic+CullStateChangedEvent, UnityEngine.UI,
      Version=1.0.0.0, Culture=neutral, PublicKeyToken=null
  m_FontData:
    m_Font: {fileID: 12800000, guid: bd1ea67ca2b5742d1a24fcbdc17c55e1, type: 3}
    m_FontSize: 45
    m_FontStyle: 0
    m_BestFit: 0
    m_MinSize: 10
    m_MaxSize: 45
    m_Alignment: 4
    m_AlignByGeometry: 0
    m_RichText: 1
    m_HorizontalOverflow: 0
    m_VerticalOverflow: 0
    m_LineSpacing: 1
  m_Text: Pictures
--- !u!222 &528185147
CanvasRenderer:
  m_ObjectHideFlags: 0
  m_PrefabParentObject: {fileID: 22296358, guid: f1de4bbb502ee8d409a782814fd8a0f3,
    type: 2}
  m_PrefabInternal: {fileID: 2069744234}
  m_GameObject: {fileID: 528185144}
--- !u!1 &536874074
GameObject:
  m_ObjectHideFlags: 0
  m_PrefabParentObject: {fileID: 196344, guid: f1de4bbb502ee8d409a782814fd8a0f3, type: 2}
  m_PrefabInternal: {fileID: 2069744234}
  serializedVersion: 4
  m_Component:
  - 224: {fileID: 536874075}
  - 222: {fileID: 536874077}
  - 114: {fileID: 536874076}
  m_Layer: 5
  m_Name: Text
  m_TagString: Untagged
  m_Icon: {fileID: 0}
  m_NavMeshLayer: 0
  m_StaticEditorFlags: 0
  m_IsActive: 1
--- !u!224 &536874075
RectTransform:
  m_ObjectHideFlags: 0
  m_PrefabParentObject: {fileID: 22496344, guid: f1de4bbb502ee8d409a782814fd8a0f3,
    type: 2}
  m_PrefabInternal: {fileID: 2069744234}
  m_GameObject: {fileID: 536874074}
  m_LocalRotation: {x: 0, y: 0, z: 0, w: 1}
  m_LocalPosition: {x: 0, y: 0, z: 0}
  m_LocalScale: {x: 1, y: 1, z: 1}
  m_LocalEulerAnglesHint: {x: 0, y: 0, z: 0}
  m_Children: []
  m_Father: {fileID: 786704794}
  m_RootOrder: 3
  m_AnchorMin: {x: 0.5, y: 0.5}
  m_AnchorMax: {x: 0.5, y: 0.5}
  m_AnchoredPosition: {x: 0, y: -149}
  m_SizeDelta: {x: 211.06, y: 67}
  m_Pivot: {x: 0.5, y: 0.5}
--- !u!114 &536874076
MonoBehaviour:
  m_ObjectHideFlags: 0
  m_PrefabParentObject: {fileID: 11496352, guid: f1de4bbb502ee8d409a782814fd8a0f3,
    type: 2}
  m_PrefabInternal: {fileID: 2069744234}
  m_GameObject: {fileID: 536874074}
  m_Enabled: 1
  m_EditorHideFlags: 0
  m_Script: {fileID: 708705254, guid: f5f67c52d1564df4a8936ccd202a3bd8, type: 3}
  m_Name: 
  m_EditorClassIdentifier: 
  m_Material: {fileID: 0}
  m_Color: {r: 0.9044118, g: 0.9044118, b: 0.9044118, a: 1}
  m_RaycastTarget: 1
  m_OnCullStateChanged:
    m_PersistentCalls:
      m_Calls: []
    m_TypeName: UnityEngine.UI.MaskableGraphic+CullStateChangedEvent, UnityEngine.UI,
      Version=1.0.0.0, Culture=neutral, PublicKeyToken=null
  m_FontData:
    m_Font: {fileID: 12800000, guid: bd1ea67ca2b5742d1a24fcbdc17c55e1, type: 3}
    m_FontSize: 45
    m_FontStyle: 0
    m_BestFit: 0
    m_MinSize: 10
    m_MaxSize: 45
    m_Alignment: 4
    m_AlignByGeometry: 0
    m_RichText: 1
    m_HorizontalOverflow: 0
    m_VerticalOverflow: 0
    m_LineSpacing: 1
  m_Text: Activities
--- !u!222 &536874077
CanvasRenderer:
  m_ObjectHideFlags: 0
  m_PrefabParentObject: {fileID: 22296344, guid: f1de4bbb502ee8d409a782814fd8a0f3,
    type: 2}
  m_PrefabInternal: {fileID: 2069744234}
  m_GameObject: {fileID: 536874074}
--- !u!1 &653767659
GameObject:
  m_ObjectHideFlags: 0
  m_PrefabParentObject: {fileID: 196308, guid: f1de4bbb502ee8d409a782814fd8a0f3, type: 2}
  m_PrefabInternal: {fileID: 2069744234}
  serializedVersion: 4
  m_Component:
  - 224: {fileID: 653767660}
  - 222: {fileID: 653767662}
  - 114: {fileID: 653767661}
  m_Layer: 5
  m_Name: FillingObject
  m_TagString: Untagged
  m_Icon: {fileID: 0}
  m_NavMeshLayer: 0
  m_StaticEditorFlags: 0
  m_IsActive: 1
--- !u!224 &653767660
RectTransform:
  m_ObjectHideFlags: 0
  m_PrefabParentObject: {fileID: 22496308, guid: f1de4bbb502ee8d409a782814fd8a0f3,
    type: 2}
  m_PrefabInternal: {fileID: 2069744234}
  m_GameObject: {fileID: 653767659}
  m_LocalRotation: {x: 0, y: 0, z: 0, w: 1}
  m_LocalPosition: {x: 0, y: 0, z: 0}
  m_LocalScale: {x: 1, y: 1, z: 1}
  m_LocalEulerAnglesHint: {x: 0, y: 0, z: 0}
  m_Children:
  - {fileID: 1912847550}
  - {fileID: 528185145}
  - {fileID: 955091368}
  m_Father: {fileID: 1113967528}
  m_RootOrder: 7
  m_AnchorMin: {x: 0.5, y: 0.5}
  m_AnchorMax: {x: 0.5, y: 0.5}
  m_AnchoredPosition: {x: -156.5, y: -211}
  m_SizeDelta: {x: 212, y: 212}
  m_Pivot: {x: 0.5, y: 0.5}
--- !u!114 &653767661
MonoBehaviour:
  m_ObjectHideFlags: 0
  m_PrefabParentObject: {fileID: 11496308, guid: f1de4bbb502ee8d409a782814fd8a0f3,
    type: 2}
  m_PrefabInternal: {fileID: 2069744234}
  m_GameObject: {fileID: 653767659}
  m_Enabled: 1
  m_EditorHideFlags: 0
  m_Script: {fileID: -765806418, guid: f5f67c52d1564df4a8936ccd202a3bd8, type: 3}
  m_Name: 
  m_EditorClassIdentifier: 
  m_Material: {fileID: 0}
  m_Color: {r: 0.13854672, g: 0.14440073, b: 0.15294118, a: 1}
  m_RaycastTarget: 1
  m_OnCullStateChanged:
    m_PersistentCalls:
      m_Calls: []
    m_TypeName: UnityEngine.UI.MaskableGraphic+CullStateChangedEvent, UnityEngine.UI,
      Version=1.0.0.0, Culture=neutral, PublicKeyToken=null
  m_Sprite: {fileID: 21300000, guid: 0796c5d7e7e637d40a42ad4deab007c5, type: 3}
  m_Type: 3
  m_PreserveAspect: 0
  m_FillCenter: 1
  m_FillMethod: 4
  m_FillAmount: 1
  m_FillClockwise: 1
  m_FillOrigin: 2
--- !u!222 &653767662
CanvasRenderer:
  m_ObjectHideFlags: 0
  m_PrefabParentObject: {fileID: 22296308, guid: f1de4bbb502ee8d409a782814fd8a0f3,
    type: 2}
  m_PrefabInternal: {fileID: 2069744234}
  m_GameObject: {fileID: 653767659}
--- !u!1 &663847405
GameObject:
  m_ObjectHideFlags: 0
  m_PrefabParentObject: {fileID: 196314, guid: f1de4bbb502ee8d409a782814fd8a0f3, type: 2}
  m_PrefabInternal: {fileID: 2069744234}
  serializedVersion: 4
  m_Component:
  - 224: {fileID: 663847406}
  - 222: {fileID: 663847408}
  - 114: {fileID: 663847407}
  m_Layer: 5
  m_Name: AppTitle
  m_TagString: Untagged
  m_Icon: {fileID: 0}
  m_NavMeshLayer: 0
  m_StaticEditorFlags: 0
  m_IsActive: 1
--- !u!224 &663847406
RectTransform:
  m_ObjectHideFlags: 0
  m_PrefabParentObject: {fileID: 22496314, guid: f1de4bbb502ee8d409a782814fd8a0f3,
    type: 2}
  m_PrefabInternal: {fileID: 2069744234}
  m_GameObject: {fileID: 663847405}
  m_LocalRotation: {x: 0, y: 0, z: 0, w: 1}
  m_LocalPosition: {x: 0, y: 0, z: 0}
  m_LocalScale: {x: 1, y: 1, z: 1}
  m_LocalEulerAnglesHint: {x: 0, y: 0, z: 0}
  m_Children: []
  m_Father: {fileID: 1288820881}
  m_RootOrder: 0
  m_AnchorMin: {x: 0.5, y: 0.5}
  m_AnchorMax: {x: 0.5, y: 0.5}
  m_AnchoredPosition: {x: 0, y: -86}
  m_SizeDelta: {x: 695, y: 67}
  m_Pivot: {x: 0.5, y: 0.5}
--- !u!114 &663847407
MonoBehaviour:
  m_ObjectHideFlags: 0
  m_PrefabParentObject: {fileID: 11496316, guid: f1de4bbb502ee8d409a782814fd8a0f3,
    type: 2}
  m_PrefabInternal: {fileID: 2069744234}
  m_GameObject: {fileID: 663847405}
  m_Enabled: 1
  m_EditorHideFlags: 0
  m_Script: {fileID: 708705254, guid: f5f67c52d1564df4a8936ccd202a3bd8, type: 3}
  m_Name: 
  m_EditorClassIdentifier: 
  m_Material: {fileID: 0}
  m_Color: {r: 0.85490197, g: 0.85490197, b: 0.85490197, a: 1}
  m_RaycastTarget: 1
  m_OnCullStateChanged:
    m_PersistentCalls:
      m_Calls: []
    m_TypeName: UnityEngine.UI.MaskableGraphic+CullStateChangedEvent, UnityEngine.UI,
      Version=1.0.0.0, Culture=neutral, PublicKeyToken=null
  m_FontData:
    m_Font: {fileID: 12800000, guid: 218956a5c2a6e42d6a60afccf80b002b, type: 3}
    m_FontSize: 40
    m_FontStyle: 0
    m_BestFit: 0
    m_MinSize: 10
    m_MaxSize: 40
    m_Alignment: 0
    m_AlignByGeometry: 0
    m_RichText: 1
    m_HorizontalOverflow: 0
    m_VerticalOverflow: 1
    m_LineSpacing: 1
  m_Text: APP SAMPLE
--- !u!222 &663847408
CanvasRenderer:
  m_ObjectHideFlags: 0
  m_PrefabParentObject: {fileID: 22296314, guid: f1de4bbb502ee8d409a782814fd8a0f3,
    type: 2}
  m_PrefabInternal: {fileID: 2069744234}
  m_GameObject: {fileID: 663847405}
--- !u!1 &710426233
GameObject:
  m_ObjectHideFlags: 0
  m_PrefabParentObject: {fileID: 196310, guid: f1de4bbb502ee8d409a782814fd8a0f3, type: 2}
  m_PrefabInternal: {fileID: 2069744234}
  serializedVersion: 4
  m_Component:
  - 224: {fileID: 710426234}
  - 222: {fileID: 710426237}
  - 114: {fileID: 710426236}
  - 114: {fileID: 710426235}
  m_Layer: 5
  m_Name: Button
  m_TagString: Untagged
  m_Icon: {fileID: 0}
  m_NavMeshLayer: 0
  m_StaticEditorFlags: 0
  m_IsActive: 1
--- !u!224 &710426234
RectTransform:
  m_ObjectHideFlags: 0
  m_PrefabParentObject: {fileID: 22496310, guid: f1de4bbb502ee8d409a782814fd8a0f3,
    type: 2}
  m_PrefabInternal: {fileID: 2069744234}
  m_GameObject: {fileID: 710426233}
  m_LocalRotation: {x: 0, y: 0, z: 0, w: 1}
  m_LocalPosition: {x: 0, y: 0, z: 0}
  m_LocalScale: {x: 1, y: 1, z: 1}
  m_LocalEulerAnglesHint: {x: 0, y: 0, z: 0}
  m_Children: []
  m_Father: {fileID: 1113967528}
  m_RootOrder: 1
  m_AnchorMin: {x: 0.5, y: 0.5}
  m_AnchorMax: {x: 0.5, y: 0.5}
  m_AnchoredPosition: {x: -239, y: 496}
  m_SizeDelta: {x: 47, y: 12}
  m_Pivot: {x: 0.5, y: 0.5}
--- !u!114 &710426235
MonoBehaviour:
  m_ObjectHideFlags: 0
  m_PrefabParentObject: {fileID: 11496310, guid: f1de4bbb502ee8d409a782814fd8a0f3,
    type: 2}
  m_PrefabInternal: {fileID: 2069744234}
  m_GameObject: {fileID: 710426233}
  m_Enabled: 1
  m_EditorHideFlags: 0
  m_Script: {fileID: 1392445389, guid: f5f67c52d1564df4a8936ccd202a3bd8, type: 3}
  m_Name: 
  m_EditorClassIdentifier: 
  m_Navigation:
    m_Mode: 3
    m_SelectOnUp: {fileID: 0}
    m_SelectOnDown: {fileID: 0}
    m_SelectOnLeft: {fileID: 0}
    m_SelectOnRight: {fileID: 0}
  m_Transition: 1
  m_Colors:
    m_NormalColor: {r: 1, g: 1, b: 1, a: 1}
    m_HighlightedColor: {r: 0.9607843, g: 0.9607843, b: 0.9607843, a: 1}
    m_PressedColor: {r: 0.78431374, g: 0.78431374, b: 0.78431374, a: 1}
    m_DisabledColor: {r: 0.78431374, g: 0.78431374, b: 0.78431374, a: 0.5019608}
    m_ColorMultiplier: 1
    m_FadeDuration: 0.1
  m_SpriteState:
    m_HighlightedSprite: {fileID: 0}
    m_PressedSprite: {fileID: 0}
    m_DisabledSprite: {fileID: 0}
  m_AnimationTriggers:
    m_NormalTrigger: Normal
    m_HighlightedTrigger: Highlighted
    m_PressedTrigger: Pressed
    m_DisabledTrigger: Disabled
  m_Interactable: 1
  m_TargetGraphic: {fileID: 710426236}
  m_OnClick:
    m_PersistentCalls:
      m_Calls: []
    m_TypeName: UnityEngine.UI.Button+ButtonClickedEvent, UnityEngine.UI, Version=1.0.0.0,
      Culture=neutral, PublicKeyToken=null
--- !u!114 &710426236
MonoBehaviour:
  m_ObjectHideFlags: 0
  m_PrefabParentObject: {fileID: 11496312, guid: f1de4bbb502ee8d409a782814fd8a0f3,
    type: 2}
  m_PrefabInternal: {fileID: 2069744234}
  m_GameObject: {fileID: 710426233}
  m_Enabled: 1
  m_EditorHideFlags: 0
  m_Script: {fileID: -765806418, guid: f5f67c52d1564df4a8936ccd202a3bd8, type: 3}
  m_Name: 
  m_EditorClassIdentifier: 
  m_Material: {fileID: 0}
  m_Color: {r: 1, g: 1, b: 1, a: 1}
  m_RaycastTarget: 1
  m_OnCullStateChanged:
    m_PersistentCalls:
      m_Calls: []
    m_TypeName: UnityEngine.UI.MaskableGraphic+CullStateChangedEvent, UnityEngine.UI,
      Version=1.0.0.0, Culture=neutral, PublicKeyToken=null
  m_Sprite: {fileID: 21300000, guid: ef53d79e0a1e246a29ec0e89585f6989, type: 3}
  m_Type: 0
  m_PreserveAspect: 0
  m_FillCenter: 1
  m_FillMethod: 4
  m_FillAmount: 1
  m_FillClockwise: 1
  m_FillOrigin: 0
--- !u!222 &710426237
CanvasRenderer:
  m_ObjectHideFlags: 0
  m_PrefabParentObject: {fileID: 22296310, guid: f1de4bbb502ee8d409a782814fd8a0f3,
    type: 2}
  m_PrefabInternal: {fileID: 2069744234}
  m_GameObject: {fileID: 710426233}
--- !u!1 &763452029
GameObject:
  m_ObjectHideFlags: 0
  m_PrefabParentObject: {fileID: 196332, guid: f1de4bbb502ee8d409a782814fd8a0f3, type: 2}
  m_PrefabInternal: {fileID: 2069744234}
  serializedVersion: 4
  m_Component:
  - 224: {fileID: 763452034}
  - 223: {fileID: 763452033}
  - 114: {fileID: 763452032}
  - 114: {fileID: 763452031}
  - 222: {fileID: 763452030}
  m_Layer: 5
  m_Name: ChartsApp_1
  m_TagString: Untagged
  m_Icon: {fileID: 0}
  m_NavMeshLayer: 0
  m_StaticEditorFlags: 0
  m_IsActive: 1
--- !u!222 &763452030
CanvasRenderer:
  m_ObjectHideFlags: 0
  m_PrefabParentObject: {fileID: 22296332, guid: f1de4bbb502ee8d409a782814fd8a0f3,
    type: 2}
  m_PrefabInternal: {fileID: 2069744234}
  m_GameObject: {fileID: 763452029}
--- !u!114 &763452031
MonoBehaviour:
  m_ObjectHideFlags: 0
  m_PrefabParentObject: {fileID: 11496336, guid: f1de4bbb502ee8d409a782814fd8a0f3,
    type: 2}
  m_PrefabInternal: {fileID: 2069744234}
  m_GameObject: {fileID: 763452029}
  m_Enabled: 1
  m_EditorHideFlags: 0
  m_Script: {fileID: 1301386320, guid: f5f67c52d1564df4a8936ccd202a3bd8, type: 3}
  m_Name: 
  m_EditorClassIdentifier: 
  m_IgnoreReversedGraphics: 1
  m_BlockingObjects: 0
  m_BlockingMask:
    serializedVersion: 2
    m_Bits: 4294967295
--- !u!114 &763452032
MonoBehaviour:
  m_ObjectHideFlags: 0
  m_PrefabParentObject: {fileID: 11496338, guid: f1de4bbb502ee8d409a782814fd8a0f3,
    type: 2}
  m_PrefabInternal: {fileID: 2069744234}
  m_GameObject: {fileID: 763452029}
  m_Enabled: 1
  m_EditorHideFlags: 0
  m_Script: {fileID: 1980459831, guid: f5f67c52d1564df4a8936ccd202a3bd8, type: 3}
  m_Name: 
  m_EditorClassIdentifier: 
  m_UiScaleMode: 1
  m_ReferencePixelsPerUnit: 100
  m_ScaleFactor: 1
  m_ReferenceResolution: {x: 640, y: 1136}
  m_ScreenMatchMode: 0
  m_MatchWidthOrHeight: 1
  m_PhysicalUnit: 3
  m_FallbackScreenDPI: 96
  m_DefaultSpriteDPI: 96
  m_DynamicPixelsPerUnit: 1
--- !u!223 &763452033
Canvas:
  m_ObjectHideFlags: 0
  m_PrefabParentObject: {fileID: 22396302, guid: f1de4bbb502ee8d409a782814fd8a0f3,
    type: 2}
  m_PrefabInternal: {fileID: 2069744234}
  m_GameObject: {fileID: 763452029}
  m_Enabled: 1
  serializedVersion: 2
  m_RenderMode: 0
  m_Camera: {fileID: 0}
  m_PlaneDistance: 100
  m_PixelPerfect: 1
  m_ReceivesEvents: 1
  m_OverrideSorting: 0
  m_OverridePixelPerfect: 0
  m_SortingBucketNormalizedSize: 0
  m_SortingLayerID: 0
  m_SortingOrder: 0
  m_TargetDisplay: 0
--- !u!224 &763452034
RectTransform:
  m_ObjectHideFlags: 0
  m_PrefabParentObject: {fileID: 22496332, guid: f1de4bbb502ee8d409a782814fd8a0f3,
    type: 2}
  m_PrefabInternal: {fileID: 2069744234}
  m_GameObject: {fileID: 763452029}
  m_LocalRotation: {x: 0, y: 0, z: 0, w: 1}
  m_LocalPosition: {x: 0, y: 0, z: 0}
  m_LocalScale: {x: 0, y: 0, z: 0}
  m_LocalEulerAnglesHint: {x: 0, y: 0, z: 0}
  m_Children:
  - {fileID: 1288820881}
  - {fileID: 1113967528}
  m_Father: {fileID: 0}
  m_RootOrder: 0
  m_AnchorMin: {x: 0, y: 0}
  m_AnchorMax: {x: 0, y: 0}
  m_AnchoredPosition: {x: 0, y: 0}
  m_SizeDelta: {x: 0, y: 0}
  m_Pivot: {x: 0, y: 0}
--- !u!1 &775172886
GameObject:
  m_ObjectHideFlags: 0
  m_PrefabParentObject: {fileID: 196328, guid: f1de4bbb502ee8d409a782814fd8a0f3, type: 2}
  m_PrefabInternal: {fileID: 2069744234}
  serializedVersion: 4
  m_Component:
  - 224: {fileID: 775172887}
  - 222: {fileID: 775172889}
  - 114: {fileID: 775172888}
  m_Layer: 5
  m_Name: Text
  m_TagString: Untagged
  m_Icon: {fileID: 0}
  m_NavMeshLayer: 0
  m_StaticEditorFlags: 0
  m_IsActive: 1
--- !u!224 &775172887
RectTransform:
  m_ObjectHideFlags: 0
  m_PrefabParentObject: {fileID: 22496328, guid: f1de4bbb502ee8d409a782814fd8a0f3,
    type: 2}
  m_PrefabInternal: {fileID: 2069744234}
  m_GameObject: {fileID: 775172886}
  m_LocalRotation: {x: 0, y: 0, z: 0, w: 1}
  m_LocalPosition: {x: 0, y: 0, z: 0}
  m_LocalScale: {x: 1, y: 1, z: 1}
  m_LocalEulerAnglesHint: {x: 0, y: 0, z: 0}
  m_Children: []
  m_Father: {fileID: 936292556}
  m_RootOrder: 1
  m_AnchorMin: {x: 0.5, y: 0.5}
  m_AnchorMax: {x: 0.5, y: 0.5}
  m_AnchoredPosition: {x: 0, y: -149}
  m_SizeDelta: {x: 211.06, y: 67}
  m_Pivot: {x: 0.5, y: 0.5}
--- !u!114 &775172888
MonoBehaviour:
  m_ObjectHideFlags: 0
  m_PrefabParentObject: {fileID: 11496332, guid: f1de4bbb502ee8d409a782814fd8a0f3,
    type: 2}
  m_PrefabInternal: {fileID: 2069744234}
  m_GameObject: {fileID: 775172886}
  m_Enabled: 1
  m_EditorHideFlags: 0
  m_Script: {fileID: 708705254, guid: f5f67c52d1564df4a8936ccd202a3bd8, type: 3}
  m_Name: 
  m_EditorClassIdentifier: 
  m_Material: {fileID: 0}
  m_Color: {r: 0.9044118, g: 0.9044118, b: 0.9044118, a: 1}
  m_RaycastTarget: 1
  m_OnCullStateChanged:
    m_PersistentCalls:
      m_Calls: []
    m_TypeName: UnityEngine.UI.MaskableGraphic+CullStateChangedEvent, UnityEngine.UI,
      Version=1.0.0.0, Culture=neutral, PublicKeyToken=null
  m_FontData:
    m_Font: {fileID: 12800000, guid: bd1ea67ca2b5742d1a24fcbdc17c55e1, type: 3}
    m_FontSize: 45
    m_FontStyle: 0
    m_BestFit: 0
    m_MinSize: 10
    m_MaxSize: 45
    m_Alignment: 4
    m_AlignByGeometry: 0
    m_RichText: 1
    m_HorizontalOverflow: 0
    m_VerticalOverflow: 0
    m_LineSpacing: 1
  m_Text: Music
--- !u!222 &775172889
CanvasRenderer:
  m_ObjectHideFlags: 0
  m_PrefabParentObject: {fileID: 22296328, guid: f1de4bbb502ee8d409a782814fd8a0f3,
    type: 2}
  m_PrefabInternal: {fileID: 2069744234}
  m_GameObject: {fileID: 775172886}
--- !u!1 &786704793
GameObject:
  m_ObjectHideFlags: 0
  m_PrefabParentObject: {fileID: 196340, guid: f1de4bbb502ee8d409a782814fd8a0f3, type: 2}
  m_PrefabInternal: {fileID: 2069744234}
  serializedVersion: 4
  m_Component:
  - 224: {fileID: 786704794}
  - 222: {fileID: 786704796}
  - 114: {fileID: 786704795}
  m_Layer: 5
  m_Name: FillingObject
  m_TagString: Untagged
  m_Icon: {fileID: 0}
  m_NavMeshLayer: 0
  m_StaticEditorFlags: 0
  m_IsActive: 1
--- !u!224 &786704794
RectTransform:
  m_ObjectHideFlags: 0
  m_PrefabParentObject: {fileID: 22496340, guid: f1de4bbb502ee8d409a782814fd8a0f3,
    type: 2}
  m_PrefabInternal: {fileID: 2069744234}
  m_GameObject: {fileID: 786704793}
  m_LocalRotation: {x: 0, y: 0, z: 0, w: 1}
  m_LocalPosition: {x: 0, y: 0, z: 0}
  m_LocalScale: {x: 1, y: 1, z: 1}
  m_LocalEulerAnglesHint: {x: 0, y: 0, z: 0}
  m_Children:
  - {fileID: 237405916}
  - {fileID: 268197680}
  - {fileID: 945691551}
  - {fileID: 536874075}
  - {fileID: 1061667721}
  m_Father: {fileID: 1113967528}
  m_RootOrder: 5
  m_AnchorMin: {x: 0.5, y: 0.5}
  m_AnchorMax: {x: 0.5, y: 0.5}
  m_AnchoredPosition: {x: -143.5, y: 140}
  m_SizeDelta: {x: 212, y: 212}
  m_Pivot: {x: 0.5, y: 0.5}
--- !u!114 &786704795
MonoBehaviour:
  m_ObjectHideFlags: 0
  m_PrefabParentObject: {fileID: 11496348, guid: f1de4bbb502ee8d409a782814fd8a0f3,
    type: 2}
  m_PrefabInternal: {fileID: 2069744234}
  m_GameObject: {fileID: 786704793}
  m_Enabled: 1
  m_EditorHideFlags: 0
  m_Script: {fileID: -765806418, guid: f5f67c52d1564df4a8936ccd202a3bd8, type: 3}
  m_Name: 
  m_EditorClassIdentifier: 
  m_Material: {fileID: 0}
  m_Color: {r: 0.13854672, g: 0.14440073, b: 0.15294118, a: 1}
  m_RaycastTarget: 1
  m_OnCullStateChanged:
    m_PersistentCalls:
      m_Calls: []
    m_TypeName: UnityEngine.UI.MaskableGraphic+CullStateChangedEvent, UnityEngine.UI,
      Version=1.0.0.0, Culture=neutral, PublicKeyToken=null
  m_Sprite: {fileID: 21300000, guid: 0796c5d7e7e637d40a42ad4deab007c5, type: 3}
  m_Type: 3
  m_PreserveAspect: 0
  m_FillCenter: 1
  m_FillMethod: 4
  m_FillAmount: 1
  m_FillClockwise: 1
  m_FillOrigin: 2
--- !u!222 &786704796
CanvasRenderer:
  m_ObjectHideFlags: 0
  m_PrefabParentObject: {fileID: 22296340, guid: f1de4bbb502ee8d409a782814fd8a0f3,
    type: 2}
  m_PrefabInternal: {fileID: 2069744234}
  m_GameObject: {fileID: 786704793}
--- !u!1 &814291599
GameObject:
  m_ObjectHideFlags: 0
  m_PrefabParentObject: {fileID: 196320, guid: f1de4bbb502ee8d409a782814fd8a0f3, type: 2}
  m_PrefabInternal: {fileID: 2069744234}
  serializedVersion: 4
  m_Component:
  - 224: {fileID: 814291600}
  - 222: {fileID: 814291602}
  - 114: {fileID: 814291601}
  m_Layer: 5
  m_Name: Image
  m_TagString: Untagged
  m_Icon: {fileID: 0}
  m_NavMeshLayer: 0
  m_StaticEditorFlags: 0
  m_IsActive: 1
--- !u!224 &814291600
RectTransform:
  m_ObjectHideFlags: 0
  m_PrefabParentObject: {fileID: 22496320, guid: f1de4bbb502ee8d409a782814fd8a0f3,
    type: 2}
  m_PrefabInternal: {fileID: 2069744234}
  m_GameObject: {fileID: 814291599}
  m_LocalRotation: {x: 0, y: 0, z: 0, w: 1}
  m_LocalPosition: {x: 0, y: 0, z: 0}
  m_LocalScale: {x: 1, y: 1, z: 1}
  m_LocalEulerAnglesHint: {x: 0, y: 0, z: 0}
  m_Children: []
  m_Father: {fileID: 1912847550}
  m_RootOrder: 0
  m_AnchorMin: {x: 0.5, y: 0.5}
  m_AnchorMax: {x: 0.5, y: 0.5}
  m_AnchoredPosition: {x: 0, y: 0}
  m_SizeDelta: {x: 77, y: 61}
  m_Pivot: {x: 0.5, y: 0.5}
--- !u!114 &814291601
MonoBehaviour:
  m_ObjectHideFlags: 0
  m_PrefabParentObject: {fileID: 11496322, guid: f1de4bbb502ee8d409a782814fd8a0f3,
    type: 2}
  m_PrefabInternal: {fileID: 2069744234}
  m_GameObject: {fileID: 814291599}
  m_Enabled: 1
  m_EditorHideFlags: 0
  m_Script: {fileID: -765806418, guid: f5f67c52d1564df4a8936ccd202a3bd8, type: 3}
  m_Name: 
  m_EditorClassIdentifier: 
  m_Material: {fileID: 0}
  m_Color: {r: 0.99215686, g: 0.4509804, b: 0.44313726, a: 1}
  m_RaycastTarget: 1
  m_OnCullStateChanged:
    m_PersistentCalls:
      m_Calls: []
    m_TypeName: UnityEngine.UI.MaskableGraphic+CullStateChangedEvent, UnityEngine.UI,
      Version=1.0.0.0, Culture=neutral, PublicKeyToken=null
  m_Sprite: {fileID: 21300000, guid: d9b97df5447d313448a38c93b42ac7a9, type: 3}
  m_Type: 0
  m_PreserveAspect: 0
  m_FillCenter: 1
  m_FillMethod: 4
  m_FillAmount: 1
  m_FillClockwise: 1
  m_FillOrigin: 0
--- !u!222 &814291602
CanvasRenderer:
  m_ObjectHideFlags: 0
  m_PrefabParentObject: {fileID: 22296320, guid: f1de4bbb502ee8d409a782814fd8a0f3,
    type: 2}
  m_PrefabInternal: {fileID: 2069744234}
  m_GameObject: {fileID: 814291599}
--- !u!1 &837563392
GameObject:
  m_ObjectHideFlags: 0
  m_PrefabParentObject: {fileID: 196356, guid: f1de4bbb502ee8d409a782814fd8a0f3, type: 2}
  m_PrefabInternal: {fileID: 2069744234}
  serializedVersion: 4
  m_Component:
  - 224: {fileID: 837563393}
  - 222: {fileID: 837563395}
  - 114: {fileID: 837563394}
  m_Layer: 5
  m_Name: Text
  m_TagString: Untagged
  m_Icon: {fileID: 0}
  m_NavMeshLayer: 0
  m_StaticEditorFlags: 0
  m_IsActive: 1
--- !u!224 &837563393
RectTransform:
  m_ObjectHideFlags: 0
  m_PrefabParentObject: {fileID: 22496356, guid: f1de4bbb502ee8d409a782814fd8a0f3,
    type: 2}
  m_PrefabInternal: {fileID: 2069744234}
  m_GameObject: {fileID: 837563392}
  m_LocalRotation: {x: 0, y: 0, z: 0, w: 1}
  m_LocalPosition: {x: 0, y: 0, z: 0}
  m_LocalScale: {x: 1, y: 1, z: 1}
  m_LocalEulerAnglesHint: {x: 0, y: 0, z: 0}
  m_Children: []
  m_Father: {fileID: 1113967528}
  m_RootOrder: 3
  m_AnchorMin: {x: 0.5, y: 0.5}
  m_AnchorMax: {x: 0.5, y: 0.5}
  m_AnchoredPosition: {x: 0, y: 496}
  m_SizeDelta: {x: 160, y: 64}
  m_Pivot: {x: 0.5, y: 0.5}
--- !u!114 &837563394
MonoBehaviour:
  m_ObjectHideFlags: 0
  m_PrefabParentObject: {fileID: 11496366, guid: f1de4bbb502ee8d409a782814fd8a0f3,
    type: 2}
  m_PrefabInternal: {fileID: 2069744234}
  m_GameObject: {fileID: 837563392}
  m_Enabled: 1
  m_EditorHideFlags: 0
  m_Script: {fileID: 708705254, guid: f5f67c52d1564df4a8936ccd202a3bd8, type: 3}
  m_Name: 
  m_EditorClassIdentifier: 
  m_Material: {fileID: 0}
  m_Color: {r: 1, g: 1, b: 1, a: 1}
  m_RaycastTarget: 1
  m_OnCullStateChanged:
    m_PersistentCalls:
      m_Calls: []
    m_TypeName: UnityEngine.UI.MaskableGraphic+CullStateChangedEvent, UnityEngine.UI,
      Version=1.0.0.0, Culture=neutral, PublicKeyToken=null
  m_FontData:
    m_Font: {fileID: 12800000, guid: 7dfc2e1472ac84e1bb749a8a9f934483, type: 3}
    m_FontSize: 34
    m_FontStyle: 0
    m_BestFit: 0
    m_MinSize: 10
    m_MaxSize: 40
    m_Alignment: 4
    m_AlignByGeometry: 0
    m_RichText: 1
    m_HorizontalOverflow: 0
    m_VerticalOverflow: 0
    m_LineSpacing: 1
  m_Text: beffio
--- !u!222 &837563395
CanvasRenderer:
  m_ObjectHideFlags: 0
  m_PrefabParentObject: {fileID: 22296356, guid: f1de4bbb502ee8d409a782814fd8a0f3,
    type: 2}
  m_PrefabInternal: {fileID: 2069744234}
  m_GameObject: {fileID: 837563392}
--- !u!1 &936292555
GameObject:
  m_ObjectHideFlags: 0
  m_PrefabParentObject: {fileID: 196362, guid: f1de4bbb502ee8d409a782814fd8a0f3, type: 2}
  m_PrefabInternal: {fileID: 2069744234}
  serializedVersion: 4
  m_Component:
  - 224: {fileID: 936292556}
  - 222: {fileID: 936292558}
  - 114: {fileID: 936292557}
  m_Layer: 5
  m_Name: FillingObject
  m_TagString: Untagged
  m_Icon: {fileID: 0}
  m_NavMeshLayer: 0
  m_StaticEditorFlags: 0
  m_IsActive: 1
--- !u!224 &936292556
RectTransform:
  m_ObjectHideFlags: 0
  m_PrefabParentObject: {fileID: 22496362, guid: f1de4bbb502ee8d409a782814fd8a0f3,
    type: 2}
  m_PrefabInternal: {fileID: 2069744234}
  m_GameObject: {fileID: 936292555}
  m_LocalRotation: {x: 0, y: 0, z: 0, w: 1}
  m_LocalPosition: {x: 0, y: 0, z: 0}
  m_LocalScale: {x: 1, y: 1, z: 1}
  m_LocalEulerAnglesHint: {x: 0, y: 0, z: 0}
  m_Children:
  - {fileID: 948104172}
  - {fileID: 775172887}
  - {fileID: 2029971376}
  m_Father: {fileID: 1113967528}
  m_RootOrder: 8
  m_AnchorMin: {x: 0.5, y: 0.5}
  m_AnchorMax: {x: 0.5, y: 0.5}
  m_AnchoredPosition: {x: 150, y: -211}
  m_SizeDelta: {x: 212, y: 212}
  m_Pivot: {x: 0.5, y: 0.5}
--- !u!114 &936292557
MonoBehaviour:
  m_ObjectHideFlags: 0
  m_PrefabParentObject: {fileID: 11496372, guid: f1de4bbb502ee8d409a782814fd8a0f3,
    type: 2}
  m_PrefabInternal: {fileID: 2069744234}
  m_GameObject: {fileID: 936292555}
  m_Enabled: 1
  m_EditorHideFlags: 0
  m_Script: {fileID: -765806418, guid: f5f67c52d1564df4a8936ccd202a3bd8, type: 3}
  m_Name: 
  m_EditorClassIdentifier: 
  m_Material: {fileID: 0}
  m_Color: {r: 0.13854672, g: 0.14440073, b: 0.15294118, a: 1}
  m_RaycastTarget: 1
  m_OnCullStateChanged:
    m_PersistentCalls:
      m_Calls: []
    m_TypeName: UnityEngine.UI.MaskableGraphic+CullStateChangedEvent, UnityEngine.UI,
      Version=1.0.0.0, Culture=neutral, PublicKeyToken=null
  m_Sprite: {fileID: 21300000, guid: 0796c5d7e7e637d40a42ad4deab007c5, type: 3}
  m_Type: 3
  m_PreserveAspect: 0
  m_FillCenter: 1
  m_FillMethod: 4
  m_FillAmount: 1
  m_FillClockwise: 1
  m_FillOrigin: 2
--- !u!222 &936292558
CanvasRenderer:
  m_ObjectHideFlags: 0
  m_PrefabParentObject: {fileID: 22296362, guid: f1de4bbb502ee8d409a782814fd8a0f3,
    type: 2}
  m_PrefabInternal: {fileID: 2069744234}
  m_GameObject: {fileID: 936292555}
--- !u!1 &945691550
GameObject:
  m_ObjectHideFlags: 0
  m_PrefabParentObject: {fileID: 196360, guid: f1de4bbb502ee8d409a782814fd8a0f3, type: 2}
  m_PrefabInternal: {fileID: 2069744234}
  serializedVersion: 4
  m_Component:
  - 224: {fileID: 945691551}
  - 222: {fileID: 945691553}
  - 114: {fileID: 945691552}
  m_Layer: 5
  m_Name: Text
  m_TagString: Untagged
  m_Icon: {fileID: 0}
  m_NavMeshLayer: 0
  m_StaticEditorFlags: 0
  m_IsActive: 1
--- !u!224 &945691551
RectTransform:
  m_ObjectHideFlags: 0
  m_PrefabParentObject: {fileID: 22496360, guid: f1de4bbb502ee8d409a782814fd8a0f3,
    type: 2}
  m_PrefabInternal: {fileID: 2069744234}
  m_GameObject: {fileID: 945691550}
  m_LocalRotation: {x: 0, y: 0, z: 0, w: 1}
  m_LocalPosition: {x: 0, y: 0, z: 0}
  m_LocalScale: {x: 1, y: 1, z: 1}
  m_LocalEulerAnglesHint: {x: 0, y: 0, z: 0}
  m_Children: []
  m_Father: {fileID: 786704794}
  m_RootOrder: 2
  m_AnchorMin: {x: 0.5, y: 0.5}
  m_AnchorMax: {x: 0.5, y: 0.5}
  m_AnchoredPosition: {x: 0, y: -27.5}
  m_SizeDelta: {x: 112.9, y: 35.7}
  m_Pivot: {x: 0.5, y: 0.5}
--- !u!114 &945691552
MonoBehaviour:
  m_ObjectHideFlags: 0
  m_PrefabParentObject: {fileID: 11496370, guid: f1de4bbb502ee8d409a782814fd8a0f3,
    type: 2}
  m_PrefabInternal: {fileID: 2069744234}
  m_GameObject: {fileID: 945691550}
  m_Enabled: 1
  m_EditorHideFlags: 0
  m_Script: {fileID: 708705254, guid: f5f67c52d1564df4a8936ccd202a3bd8, type: 3}
  m_Name: 
  m_EditorClassIdentifier: 
  m_Material: {fileID: 0}
  m_Color: {r: 0.8308824, g: 0.8308824, b: 0.8308824, a: 1}
  m_RaycastTarget: 1
  m_OnCullStateChanged:
    m_PersistentCalls:
      m_Calls: []
    m_TypeName: UnityEngine.UI.MaskableGraphic+CullStateChangedEvent, UnityEngine.UI,
      Version=1.0.0.0, Culture=neutral, PublicKeyToken=null
  m_FontData:
    m_Font: {fileID: 12800000, guid: 218956a5c2a6e42d6a60afccf80b002b, type: 3}
    m_FontSize: 20
    m_FontStyle: 0
    m_BestFit: 0
    m_MinSize: 10
    m_MaxSize: 40
    m_Alignment: 4
    m_AlignByGeometry: 0
    m_RichText: 1
    m_HorizontalOverflow: 0
    m_VerticalOverflow: 0
    m_LineSpacing: 1
  m_Text: Steps
--- !u!222 &945691553
CanvasRenderer:
  m_ObjectHideFlags: 0
  m_PrefabParentObject: {fileID: 22296360, guid: f1de4bbb502ee8d409a782814fd8a0f3,
    type: 2}
  m_PrefabInternal: {fileID: 2069744234}
  m_GameObject: {fileID: 945691550}
--- !u!1 &948104171
GameObject:
  m_ObjectHideFlags: 0
  m_PrefabParentObject: {fileID: 196316, guid: f1de4bbb502ee8d409a782814fd8a0f3, type: 2}
  m_PrefabInternal: {fileID: 2069744234}
  serializedVersion: 4
  m_Component:
  - 224: {fileID: 948104172}
  - 222: {fileID: 948104174}
  - 114: {fileID: 948104173}
  m_Layer: 5
  m_Name: FillingObject
  m_TagString: Untagged
  m_Icon: {fileID: 0}
  m_NavMeshLayer: 0
  m_StaticEditorFlags: 0
  m_IsActive: 1
--- !u!224 &948104172
RectTransform:
  m_ObjectHideFlags: 0
  m_PrefabParentObject: {fileID: 22496316, guid: f1de4bbb502ee8d409a782814fd8a0f3,
    type: 2}
  m_PrefabInternal: {fileID: 2069744234}
  m_GameObject: {fileID: 948104171}
  m_LocalRotation: {x: 0, y: 0, z: 0, w: 1}
  m_LocalPosition: {x: 0, y: 0, z: 0}
  m_LocalScale: {x: 1, y: 1, z: 1}
  m_LocalEulerAnglesHint: {x: 0, y: 0, z: 0}
  m_Children:
  - {fileID: 527898827}
  m_Father: {fileID: 936292556}
  m_RootOrder: 0
  m_AnchorMin: {x: 0.5, y: 0.5}
  m_AnchorMax: {x: 0.5, y: 0.5}
  m_AnchoredPosition: {x: 0, y: 0}
  m_SizeDelta: {x: 231, y: 231}
  m_Pivot: {x: 0.5, y: 0.5}
--- !u!114 &948104173
MonoBehaviour:
  m_ObjectHideFlags: 0
  m_PrefabParentObject: {fileID: 11496318, guid: f1de4bbb502ee8d409a782814fd8a0f3,
    type: 2}
  m_PrefabInternal: {fileID: 2069744234}
  m_GameObject: {fileID: 948104171}
  m_Enabled: 1
  m_EditorHideFlags: 0
  m_Script: {fileID: -765806418, guid: f5f67c52d1564df4a8936ccd202a3bd8, type: 3}
  m_Name: 
  m_EditorClassIdentifier: 
  m_Material: {fileID: 0}
  m_Color: {r: 0.99215686, g: 0.4509804, b: 0.44313726, a: 1}
  m_RaycastTarget: 1
  m_OnCullStateChanged:
    m_PersistentCalls:
      m_Calls: []
    m_TypeName: UnityEngine.UI.MaskableGraphic+CullStateChangedEvent, UnityEngine.UI,
      Version=1.0.0.0, Culture=neutral, PublicKeyToken=null
  m_Sprite: {fileID: 21300000, guid: 5edfdb1318310614985b8de7ab9b784c, type: 3}
  m_Type: 3
  m_PreserveAspect: 0
  m_FillCenter: 1
  m_FillMethod: 4
  m_FillAmount: 0.884
  m_FillClockwise: 1
  m_FillOrigin: 2
--- !u!222 &948104174
CanvasRenderer:
  m_ObjectHideFlags: 0
  m_PrefabParentObject: {fileID: 22296316, guid: f1de4bbb502ee8d409a782814fd8a0f3,
    type: 2}
  m_PrefabInternal: {fileID: 2069744234}
  m_GameObject: {fileID: 948104171}
--- !u!1 &955091367
GameObject:
  m_ObjectHideFlags: 0
  m_PrefabParentObject: {fileID: 196302, guid: f1de4bbb502ee8d409a782814fd8a0f3, type: 2}
  m_PrefabInternal: {fileID: 2069744234}
  serializedVersion: 4
  m_Component:
  - 224: {fileID: 955091368}
  - 222: {fileID: 955091370}
  - 114: {fileID: 955091369}
  m_Layer: 5
  m_Name: Text
  m_TagString: Untagged
  m_Icon: {fileID: 0}
  m_NavMeshLayer: 0
  m_StaticEditorFlags: 0
  m_IsActive: 1
--- !u!224 &955091368
RectTransform:
  m_ObjectHideFlags: 0
  m_PrefabParentObject: {fileID: 22496302, guid: f1de4bbb502ee8d409a782814fd8a0f3,
    type: 2}
  m_PrefabInternal: {fileID: 2069744234}
  m_GameObject: {fileID: 955091367}
  m_LocalRotation: {x: 0, y: 0, z: 0, w: 1}
  m_LocalPosition: {x: 0, y: 0, z: 0}
  m_LocalScale: {x: 1, y: 1, z: 1}
  m_LocalEulerAnglesHint: {x: 0, y: 0, z: 0}
  m_Children: []
  m_Father: {fileID: 653767660}
  m_RootOrder: 2
  m_AnchorMin: {x: 0.5, y: 0.5}
  m_AnchorMax: {x: 0.5, y: 0.5}
  m_AnchoredPosition: {x: 0, y: -189}
  m_SizeDelta: {x: 198, y: 42}
  m_Pivot: {x: 0.5, y: 0.5}
--- !u!114 &955091369
MonoBehaviour:
  m_ObjectHideFlags: 0
  m_PrefabParentObject: {fileID: 11496302, guid: f1de4bbb502ee8d409a782814fd8a0f3,
    type: 2}
  m_PrefabInternal: {fileID: 2069744234}
  m_GameObject: {fileID: 955091367}
  m_Enabled: 1
  m_EditorHideFlags: 0
  m_Script: {fileID: 708705254, guid: f5f67c52d1564df4a8936ccd202a3bd8, type: 3}
  m_Name: 
  m_EditorClassIdentifier: 
  m_Material: {fileID: 0}
  m_Color: {r: 0.49264705, g: 0.49264705, b: 0.49264705, a: 1}
  m_RaycastTarget: 1
  m_OnCullStateChanged:
    m_PersistentCalls:
      m_Calls: []
    m_TypeName: UnityEngine.UI.MaskableGraphic+CullStateChangedEvent, UnityEngine.UI,
      Version=1.0.0.0, Culture=neutral, PublicKeyToken=null
  m_FontData:
    m_Font: {fileID: 12800000, guid: 218956a5c2a6e42d6a60afccf80b002b, type: 3}
    m_FontSize: 19
    m_FontStyle: 0
    m_BestFit: 0
    m_MinSize: 10
    m_MaxSize: 40
    m_Alignment: 4
    m_AlignByGeometry: 0
    m_RichText: 1
    m_HorizontalOverflow: 0
    m_VerticalOverflow: 0
    m_LineSpacing: 1
  m_Text: READY TO GO
--- !u!222 &955091370
CanvasRenderer:
  m_ObjectHideFlags: 0
  m_PrefabParentObject: {fileID: 22296302, guid: f1de4bbb502ee8d409a782814fd8a0f3,
    type: 2}
  m_PrefabInternal: {fileID: 2069744234}
  m_GameObject: {fileID: 955091367}
--- !u!1 &1045130053
GameObject:
  m_ObjectHideFlags: 0
  m_PrefabParentObject: {fileID: 196352, guid: f1de4bbb502ee8d409a782814fd8a0f3, type: 2}
  m_PrefabInternal: {fileID: 2069744234}
  serializedVersion: 4
  m_Component:
  - 224: {fileID: 1045130054}
  - 222: {fileID: 1045130057}
  - 114: {fileID: 1045130056}
  - 114: {fileID: 1045130055}
  m_Layer: 5
  m_Name: Button
  m_TagString: Untagged
  m_Icon: {fileID: 0}
  m_NavMeshLayer: 0
  m_StaticEditorFlags: 0
  m_IsActive: 1
--- !u!224 &1045130054
RectTransform:
  m_ObjectHideFlags: 0
  m_PrefabParentObject: {fileID: 22496352, guid: f1de4bbb502ee8d409a782814fd8a0f3,
    type: 2}
  m_PrefabInternal: {fileID: 2069744234}
  m_GameObject: {fileID: 1045130053}
  m_LocalRotation: {x: 0, y: 0, z: 0, w: 1}
  m_LocalPosition: {x: 0, y: 0, z: 0}
  m_LocalScale: {x: 1, y: 1, z: 1}
  m_LocalEulerAnglesHint: {x: 0, y: 0, z: 0}
  m_Children: []
  m_Father: {fileID: 1113967528}
  m_RootOrder: 2
  m_AnchorMin: {x: 0.5, y: 0.5}
  m_AnchorMax: {x: 0.5, y: 0.5}
  m_AnchoredPosition: {x: 249, y: 496}
  m_SizeDelta: {x: 47, y: 47}
  m_Pivot: {x: 0.5, y: 0.5}
--- !u!114 &1045130055
MonoBehaviour:
  m_ObjectHideFlags: 0
  m_PrefabParentObject: {fileID: 11496360, guid: f1de4bbb502ee8d409a782814fd8a0f3,
    type: 2}
  m_PrefabInternal: {fileID: 2069744234}
  m_GameObject: {fileID: 1045130053}
  m_Enabled: 1
  m_EditorHideFlags: 0
  m_Script: {fileID: 1392445389, guid: f5f67c52d1564df4a8936ccd202a3bd8, type: 3}
  m_Name: 
  m_EditorClassIdentifier: 
  m_Navigation:
    m_Mode: 3
    m_SelectOnUp: {fileID: 0}
    m_SelectOnDown: {fileID: 0}
    m_SelectOnLeft: {fileID: 0}
    m_SelectOnRight: {fileID: 0}
  m_Transition: 1
  m_Colors:
    m_NormalColor: {r: 1, g: 1, b: 1, a: 1}
    m_HighlightedColor: {r: 0.9607843, g: 0.9607843, b: 0.9607843, a: 1}
    m_PressedColor: {r: 0.78431374, g: 0.78431374, b: 0.78431374, a: 1}
    m_DisabledColor: {r: 0.78431374, g: 0.78431374, b: 0.78431374, a: 0.5019608}
    m_ColorMultiplier: 1
    m_FadeDuration: 0.1
  m_SpriteState:
    m_HighlightedSprite: {fileID: 0}
    m_PressedSprite: {fileID: 0}
    m_DisabledSprite: {fileID: 0}
  m_AnimationTriggers:
    m_NormalTrigger: Normal
    m_HighlightedTrigger: Highlighted
    m_PressedTrigger: Pressed
    m_DisabledTrigger: Disabled
  m_Interactable: 1
  m_TargetGraphic: {fileID: 1045130056}
  m_OnClick:
    m_PersistentCalls:
      m_Calls: []
    m_TypeName: UnityEngine.UI.Button+ButtonClickedEvent, UnityEngine.UI, Version=1.0.0.0,
      Culture=neutral, PublicKeyToken=null
--- !u!114 &1045130056
MonoBehaviour:
  m_ObjectHideFlags: 0
  m_PrefabParentObject: {fileID: 11496362, guid: f1de4bbb502ee8d409a782814fd8a0f3,
    type: 2}
  m_PrefabInternal: {fileID: 2069744234}
  m_GameObject: {fileID: 1045130053}
  m_Enabled: 1
  m_EditorHideFlags: 0
  m_Script: {fileID: -765806418, guid: f5f67c52d1564df4a8936ccd202a3bd8, type: 3}
  m_Name: 
  m_EditorClassIdentifier: 
  m_Material: {fileID: 0}
  m_Color: {r: 1, g: 1, b: 1, a: 1}
  m_RaycastTarget: 1
  m_OnCullStateChanged:
    m_PersistentCalls:
      m_Calls: []
    m_TypeName: UnityEngine.UI.MaskableGraphic+CullStateChangedEvent, UnityEngine.UI,
      Version=1.0.0.0, Culture=neutral, PublicKeyToken=null
  m_Sprite: {fileID: 21300000, guid: c4149d18ffdde4429a4479092d29e85c, type: 3}
  m_Type: 0
  m_PreserveAspect: 0
  m_FillCenter: 1
  m_FillMethod: 4
  m_FillAmount: 1
  m_FillClockwise: 1
  m_FillOrigin: 0
--- !u!222 &1045130057
CanvasRenderer:
  m_ObjectHideFlags: 0
  m_PrefabParentObject: {fileID: 22296352, guid: f1de4bbb502ee8d409a782814fd8a0f3,
    type: 2}
  m_PrefabInternal: {fileID: 2069744234}
  m_GameObject: {fileID: 1045130053}
--- !u!1 &1061667720
GameObject:
  m_ObjectHideFlags: 0
  m_PrefabParentObject: {fileID: 196354, guid: f1de4bbb502ee8d409a782814fd8a0f3, type: 2}
  m_PrefabInternal: {fileID: 2069744234}
  serializedVersion: 4
  m_Component:
  - 224: {fileID: 1061667721}
  - 222: {fileID: 1061667723}
  - 114: {fileID: 1061667722}
  m_Layer: 5
  m_Name: Text
  m_TagString: Untagged
  m_Icon: {fileID: 0}
  m_NavMeshLayer: 0
  m_StaticEditorFlags: 0
  m_IsActive: 1
--- !u!224 &1061667721
RectTransform:
  m_ObjectHideFlags: 0
  m_PrefabParentObject: {fileID: 22496354, guid: f1de4bbb502ee8d409a782814fd8a0f3,
    type: 2}
  m_PrefabInternal: {fileID: 2069744234}
  m_GameObject: {fileID: 1061667720}
  m_LocalRotation: {x: 0, y: 0, z: 0, w: 1}
  m_LocalPosition: {x: 0, y: 0, z: 0}
  m_LocalScale: {x: 1, y: 1, z: 1}
  m_LocalEulerAnglesHint: {x: 0, y: 0, z: 0}
  m_Children: []
  m_Father: {fileID: 786704794}
  m_RootOrder: 4
  m_AnchorMin: {x: 0.5, y: 0.5}
  m_AnchorMax: {x: 0.5, y: 0.5}
  m_AnchoredPosition: {x: 0, y: -188.5}
  m_SizeDelta: {x: 198, y: 42}
  m_Pivot: {x: 0.5, y: 0.5}
--- !u!114 &1061667722
MonoBehaviour:
  m_ObjectHideFlags: 0
  m_PrefabParentObject: {fileID: 11496364, guid: f1de4bbb502ee8d409a782814fd8a0f3,
    type: 2}
  m_PrefabInternal: {fileID: 2069744234}
  m_GameObject: {fileID: 1061667720}
  m_Enabled: 1
  m_EditorHideFlags: 0
  m_Script: {fileID: 708705254, guid: f5f67c52d1564df4a8936ccd202a3bd8, type: 3}
  m_Name: 
  m_EditorClassIdentifier: 
  m_Material: {fileID: 0}
  m_Color: {r: 0.49264705, g: 0.49264705, b: 0.49264705, a: 1}
  m_RaycastTarget: 1
  m_OnCullStateChanged:
    m_PersistentCalls:
      m_Calls: []
    m_TypeName: UnityEngine.UI.MaskableGraphic+CullStateChangedEvent, UnityEngine.UI,
      Version=1.0.0.0, Culture=neutral, PublicKeyToken=null
  m_FontData:
    m_Font: {fileID: 12800000, guid: 218956a5c2a6e42d6a60afccf80b002b, type: 3}
    m_FontSize: 19
    m_FontStyle: 0
    m_BestFit: 0
    m_MinSize: 10
    m_MaxSize: 40
    m_Alignment: 4
    m_AlignByGeometry: 0
    m_RichText: 1
    m_HorizontalOverflow: 0
    m_VerticalOverflow: 0
    m_LineSpacing: 1
  m_Text: READY TO GO
--- !u!222 &1061667723
CanvasRenderer:
  m_ObjectHideFlags: 0
  m_PrefabParentObject: {fileID: 22296354, guid: f1de4bbb502ee8d409a782814fd8a0f3,
    type: 2}
  m_PrefabInternal: {fileID: 2069744234}
  m_GameObject: {fileID: 1061667720}
--- !u!1 &1113967527
GameObject:
  m_ObjectHideFlags: 0
  m_PrefabParentObject: {fileID: 196336, guid: f1de4bbb502ee8d409a782814fd8a0f3, type: 2}
  m_PrefabInternal: {fileID: 2069744234}
  serializedVersion: 4
  m_Component:
  - 224: {fileID: 1113967528}
  - 222: {fileID: 1113967531}
  - 114: {fileID: 1113967530}
  - 114: {fileID: 1113967529}
  m_Layer: 5
  m_Name: Panel
  m_TagString: Untagged
  m_Icon: {fileID: 0}
  m_NavMeshLayer: 0
  m_StaticEditorFlags: 0
  m_IsActive: 1
--- !u!224 &1113967528
RectTransform:
  m_ObjectHideFlags: 0
  m_PrefabParentObject: {fileID: 22496336, guid: f1de4bbb502ee8d409a782814fd8a0f3,
    type: 2}
  m_PrefabInternal: {fileID: 2069744234}
  m_GameObject: {fileID: 1113967527}
  m_LocalRotation: {x: 0, y: 0, z: 0, w: 1}
  m_LocalPosition: {x: 0, y: 0, z: 0}
  m_LocalScale: {x: 1, y: 1, z: 1}
  m_LocalEulerAnglesHint: {x: 0, y: 0, z: 0}
  m_Children:
  - {fileID: 318353869}
  - {fileID: 710426234}
  - {fileID: 1045130054}
  - {fileID: 837563393}
  - {fileID: 189168622}
  - {fileID: 786704794}
  - {fileID: 36091501}
  - {fileID: 653767660}
  - {fileID: 936292556}
  m_Father: {fileID: 763452034}
  m_RootOrder: 1
  m_AnchorMin: {x: 0.5, y: 0.5}
  m_AnchorMax: {x: 0.5, y: 0.5}
  m_AnchoredPosition: {x: 0, y: 0}
  m_SizeDelta: {x: 640, y: 1136}
  m_Pivot: {x: 0.5, y: 0.5}
--- !u!114 &1113967529
MonoBehaviour:
  m_ObjectHideFlags: 0
  m_PrefabParentObject: {fileID: 11496342, guid: f1de4bbb502ee8d409a782814fd8a0f3,
    type: 2}
  m_PrefabInternal: {fileID: 2069744234}
  m_GameObject: {fileID: 1113967527}
  m_Enabled: 1
  m_EditorHideFlags: 0
  m_Script: {fileID: -1200242548, guid: f5f67c52d1564df4a8936ccd202a3bd8, type: 3}
  m_Name: 
  m_EditorClassIdentifier: 
  m_ShowMaskGraphic: 1
--- !u!114 &1113967530
MonoBehaviour:
  m_ObjectHideFlags: 0
  m_PrefabParentObject: {fileID: 11496344, guid: f1de4bbb502ee8d409a782814fd8a0f3,
    type: 2}
  m_PrefabInternal: {fileID: 2069744234}
  m_GameObject: {fileID: 1113967527}
  m_Enabled: 1
  m_EditorHideFlags: 0
  m_Script: {fileID: -765806418, guid: f5f67c52d1564df4a8936ccd202a3bd8, type: 3}
  m_Name: 
  m_EditorClassIdentifier: 
  m_Material: {fileID: 0}
  m_Color: {r: 0.19432527, g: 0.20025176, b: 0.21176471, a: 1}
  m_RaycastTarget: 1
  m_OnCullStateChanged:
    m_PersistentCalls:
      m_Calls: []
    m_TypeName: UnityEngine.UI.MaskableGraphic+CullStateChangedEvent, UnityEngine.UI,
      Version=1.0.0.0, Culture=neutral, PublicKeyToken=null
  m_Sprite: {fileID: 21300000, guid: 7ed1238760b863f4aafde32ab3a6f28c, type: 3}
  m_Type: 1
  m_PreserveAspect: 0
  m_FillCenter: 1
  m_FillMethod: 4
  m_FillAmount: 1
  m_FillClockwise: 1
  m_FillOrigin: 0
--- !u!222 &1113967531
CanvasRenderer:
  m_ObjectHideFlags: 0
  m_PrefabParentObject: {fileID: 22296336, guid: f1de4bbb502ee8d409a782814fd8a0f3,
    type: 2}
  m_PrefabInternal: {fileID: 2069744234}
  m_GameObject: {fileID: 1113967527}
--- !u!1 &1288820880
GameObject:
  m_ObjectHideFlags: 0
  m_PrefabParentObject: {fileID: 196342, guid: f1de4bbb502ee8d409a782814fd8a0f3, type: 2}
  m_PrefabInternal: {fileID: 2069744234}
  serializedVersion: 4
  m_Component:
  - 224: {fileID: 1288820881}
  - 222: {fileID: 1288820883}
  - 114: {fileID: 1288820882}
  m_Layer: 5
  m_Name: AppTitle
  m_TagString: Untagged
  m_Icon: {fileID: 0}
  m_NavMeshLayer: 0
  m_StaticEditorFlags: 0
  m_IsActive: 1
--- !u!224 &1288820881
RectTransform:
  m_ObjectHideFlags: 0
  m_PrefabParentObject: {fileID: 22496342, guid: f1de4bbb502ee8d409a782814fd8a0f3,
    type: 2}
  m_PrefabInternal: {fileID: 2069744234}
  m_GameObject: {fileID: 1288820880}
  m_LocalRotation: {x: 0, y: 0, z: 0, w: 1}
  m_LocalPosition: {x: 0, y: 0, z: 0}
  m_LocalScale: {x: 1, y: 1, z: 1}
  m_LocalEulerAnglesHint: {x: 0, y: 0, z: 0}
  m_Children:
  - {fileID: 663847406}
  m_Father: {fileID: 763452034}
  m_RootOrder: 0
  m_AnchorMin: {x: 0.5, y: 0.5}
  m_AnchorMax: {x: 0.5, y: 0.5}
  m_AnchoredPosition: {x: 28, y: 679}
  m_SizeDelta: {x: 695, y: 109}
  m_Pivot: {x: 0.5, y: 0.5}
--- !u!114 &1288820882
MonoBehaviour:
  m_ObjectHideFlags: 0
  m_PrefabParentObject: {fileID: 11496350, guid: f1de4bbb502ee8d409a782814fd8a0f3,
    type: 2}
  m_PrefabInternal: {fileID: 2069744234}
  m_GameObject: {fileID: 1288820880}
  m_Enabled: 1
  m_EditorHideFlags: 0
  m_Script: {fileID: 708705254, guid: f5f67c52d1564df4a8936ccd202a3bd8, type: 3}
  m_Name: 
  m_EditorClassIdentifier: 
  m_Material: {fileID: 0}
  m_Color: {r: 0.85490197, g: 0.85490197, b: 0.85490197, a: 1}
  m_RaycastTarget: 1
  m_OnCullStateChanged:
    m_PersistentCalls:
      m_Calls: []
    m_TypeName: UnityEngine.UI.MaskableGraphic+CullStateChangedEvent, UnityEngine.UI,
      Version=1.0.0.0, Culture=neutral, PublicKeyToken=null
  m_FontData:
    m_Font: {fileID: 12800000, guid: 218956a5c2a6e42d6a60afccf80b002b, type: 3}
    m_FontSize: 100
    m_FontStyle: 0
    m_BestFit: 0
    m_MinSize: 10
    m_MaxSize: 100
    m_Alignment: 0
    m_AlignByGeometry: 0
    m_RichText: 1
    m_HorizontalOverflow: 0
    m_VerticalOverflow: 1
    m_LineSpacing: 1
  m_Text: CHARTS
--- !u!222 &1288820883
CanvasRenderer:
  m_ObjectHideFlags: 0
  m_PrefabParentObject: {fileID: 22296342, guid: f1de4bbb502ee8d409a782814fd8a0f3,
    type: 2}
  m_PrefabInternal: {fileID: 2069744234}
  m_GameObject: {fileID: 1288820880}
--- !u!1 &1500371475
GameObject:
  m_ObjectHideFlags: 0
  m_PrefabParentObject: {fileID: 0}
  m_PrefabInternal: {fileID: 0}
  serializedVersion: 4
  m_Component:
  - 4: {fileID: 1500371479}
  - 114: {fileID: 1500371478}
  - 114: {fileID: 1500371477}
  - 114: {fileID: 1500371476}
  m_Layer: 0
  m_Name: EventSystem
  m_TagString: Untagged
  m_Icon: {fileID: 0}
  m_NavMeshLayer: 0
  m_StaticEditorFlags: 0
  m_IsActive: 1
--- !u!114 &1500371476
MonoBehaviour:
  m_ObjectHideFlags: 0
  m_PrefabParentObject: {fileID: 0}
  m_PrefabInternal: {fileID: 0}
  m_GameObject: {fileID: 1500371475}
  m_Enabled: 1
  m_EditorHideFlags: 0
  m_Script: {fileID: 1997211142, guid: f5f67c52d1564df4a8936ccd202a3bd8, type: 3}
  m_Name: 
  m_EditorClassIdentifier: 
  m_ForceModuleActive: 0
--- !u!114 &1500371477
MonoBehaviour:
  m_ObjectHideFlags: 0
  m_PrefabParentObject: {fileID: 0}
  m_PrefabInternal: {fileID: 0}
  m_GameObject: {fileID: 1500371475}
  m_Enabled: 1
  m_EditorHideFlags: 0
  m_Script: {fileID: 1077351063, guid: f5f67c52d1564df4a8936ccd202a3bd8, type: 3}
  m_Name: 
  m_EditorClassIdentifier: 
  m_HorizontalAxis: Horizontal
  m_VerticalAxis: Vertical
  m_SubmitButton: Submit
  m_CancelButton: Cancel
  m_InputActionsPerSecond: 10
  m_RepeatDelay: 0.5
  m_ForceModuleActive: 0
--- !u!114 &1500371478
MonoBehaviour:
  m_ObjectHideFlags: 0
  m_PrefabParentObject: {fileID: 0}
  m_PrefabInternal: {fileID: 0}
  m_GameObject: {fileID: 1500371475}
  m_Enabled: 1
  m_EditorHideFlags: 0
  m_Script: {fileID: -619905303, guid: f5f67c52d1564df4a8936ccd202a3bd8, type: 3}
  m_Name: 
  m_EditorClassIdentifier: 
  m_FirstSelected: {fileID: 0}
  m_sendNavigationEvents: 1
  m_DragThreshold: 5
--- !u!4 &1500371479
Transform:
  m_ObjectHideFlags: 0
  m_PrefabParentObject: {fileID: 0}
  m_PrefabInternal: {fileID: 0}
  m_GameObject: {fileID: 1500371475}
  m_LocalRotation: {x: 0, y: 0, z: 0, w: 1}
  m_LocalPosition: {x: 0, y: 0, z: 0}
  m_LocalScale: {x: 1, y: 1, z: 1}
  m_LocalEulerAnglesHint: {x: 0, y: 0, z: 0}
  m_Children: []
  m_Father: {fileID: 0}
  m_RootOrder: 1
--- !u!1 &1511305452
GameObject:
  m_ObjectHideFlags: 0
  m_PrefabParentObject: {fileID: 0}
  m_PrefabInternal: {fileID: 0}
  serializedVersion: 4
  m_Component:
  - 4: {fileID: 1511305453}
  m_Layer: 0
  m_Name: __SET_YOUR_GAMESCREEN_TO_640x1136
  m_TagString: Untagged
  m_Icon: {fileID: 0}
  m_NavMeshLayer: 0
  m_StaticEditorFlags: 0
  m_IsActive: 1
--- !u!4 &1511305453
Transform:
  m_ObjectHideFlags: 0
  m_PrefabParentObject: {fileID: 0}
  m_PrefabInternal: {fileID: 0}
  m_GameObject: {fileID: 1511305452}
  m_LocalRotation: {x: 0, y: 0, z: 0, w: 1}
  m_LocalPosition: {x: 494.995, y: 627.74, z: 0}
  m_LocalScale: {x: 1, y: 1, z: 1}
  m_LocalEulerAnglesHint: {x: 0, y: 0, z: 0}
  m_Children: []
  m_Father: {fileID: 0}
  m_RootOrder: 2
--- !u!1 &1660015290
GameObject:
  m_ObjectHideFlags: 0
  m_PrefabParentObject: {fileID: 196312, guid: f1de4bbb502ee8d409a782814fd8a0f3, type: 2}
  m_PrefabInternal: {fileID: 2069744234}
  serializedVersion: 4
  m_Component:
  - 224: {fileID: 1660015291}
  - 222: {fileID: 1660015293}
  - 114: {fileID: 1660015292}
  m_Layer: 5
  m_Name: Text
  m_TagString: Untagged
  m_Icon: {fileID: 0}
  m_NavMeshLayer: 0
  m_StaticEditorFlags: 0
  m_IsActive: 1
--- !u!224 &1660015291
RectTransform:
  m_ObjectHideFlags: 0
  m_PrefabParentObject: {fileID: 22496312, guid: f1de4bbb502ee8d409a782814fd8a0f3,
    type: 2}
  m_PrefabInternal: {fileID: 2069744234}
  m_GameObject: {fileID: 1660015290}
  m_LocalRotation: {x: 0, y: 0, z: 0, w: 1}
  m_LocalPosition: {x: 0, y: 0, z: 0}
  m_LocalScale: {x: 1, y: 1, z: 1}
  m_LocalEulerAnglesHint: {x: 0, y: 0, z: 0}
  m_Children: []
  m_Father: {fileID: 36091501}
  m_RootOrder: 3
  m_AnchorMin: {x: 0.5, y: 0.5}
  m_AnchorMax: {x: 0.5, y: 0.5}
  m_AnchoredPosition: {x: 0, y: -188.5}
  m_SizeDelta: {x: 198, y: 42}
  m_Pivot: {x: 0.5, y: 0.5}
--- !u!114 &1660015292
MonoBehaviour:
  m_ObjectHideFlags: 0
  m_PrefabParentObject: {fileID: 11496314, guid: f1de4bbb502ee8d409a782814fd8a0f3,
    type: 2}
  m_PrefabInternal: {fileID: 2069744234}
  m_GameObject: {fileID: 1660015290}
  m_Enabled: 1
  m_EditorHideFlags: 0
  m_Script: {fileID: 708705254, guid: f5f67c52d1564df4a8936ccd202a3bd8, type: 3}
  m_Name: 
  m_EditorClassIdentifier: 
  m_Material: {fileID: 0}
  m_Color: {r: 0.49264705, g: 0.49264705, b: 0.49264705, a: 1}
  m_RaycastTarget: 1
  m_OnCullStateChanged:
    m_PersistentCalls:
      m_Calls: []
    m_TypeName: UnityEngine.UI.MaskableGraphic+CullStateChangedEvent, UnityEngine.UI,
      Version=1.0.0.0, Culture=neutral, PublicKeyToken=null
  m_FontData:
    m_Font: {fileID: 12800000, guid: 218956a5c2a6e42d6a60afccf80b002b, type: 3}
    m_FontSize: 19
    m_FontStyle: 0
    m_BestFit: 0
    m_MinSize: 10
    m_MaxSize: 40
    m_Alignment: 4
    m_AlignByGeometry: 0
    m_RichText: 1
    m_HorizontalOverflow: 0
    m_VerticalOverflow: 0
    m_LineSpacing: 1
  m_Text: READY TO GO
--- !u!222 &1660015293
CanvasRenderer:
  m_ObjectHideFlags: 0
  m_PrefabParentObject: {fileID: 22296312, guid: f1de4bbb502ee8d409a782814fd8a0f3,
    type: 2}
  m_PrefabInternal: {fileID: 2069744234}
  m_GameObject: {fileID: 1660015290}
--- !u!1 &1722697008
GameObject:
  m_ObjectHideFlags: 0
  m_PrefabParentObject: {fileID: 196346, guid: f1de4bbb502ee8d409a782814fd8a0f3, type: 2}
  m_PrefabInternal: {fileID: 2069744234}
  serializedVersion: 4
  m_Component:
  - 224: {fileID: 1722697009}
  - 222: {fileID: 1722697011}
  - 114: {fileID: 1722697010}
  m_Layer: 5
  m_Name: Text
  m_TagString: Untagged
  m_Icon: {fileID: 0}
  m_NavMeshLayer: 0
  m_StaticEditorFlags: 0
  m_IsActive: 1
--- !u!224 &1722697009
RectTransform:
  m_ObjectHideFlags: 0
  m_PrefabParentObject: {fileID: 22496346, guid: f1de4bbb502ee8d409a782814fd8a0f3,
    type: 2}
  m_PrefabInternal: {fileID: 2069744234}
  m_GameObject: {fileID: 1722697008}
  m_LocalRotation: {x: 0, y: 0, z: -1, w: -0.00000004371139}
  m_LocalPosition: {x: 0, y: 0, z: 0}
  m_LocalScale: {x: 1.25, y: 1.25, z: 1}
  m_LocalEulerAnglesHint: {x: 0, y: 0, z: 0}
  m_Children: []
  m_Father: {fileID: 189168622}
  m_RootOrder: 0
  m_AnchorMin: {x: 0.5, y: 0.5}
  m_AnchorMax: {x: 0.5, y: 0.5}
  m_AnchoredPosition: {x: 19.6, y: -1.2}
  m_SizeDelta: {x: 225, y: 95}
  m_Pivot: {x: 0.5, y: 0.5}
--- !u!114 &1722697010
MonoBehaviour:
  m_ObjectHideFlags: 0
  m_PrefabParentObject: {fileID: 11496354, guid: f1de4bbb502ee8d409a782814fd8a0f3,
    type: 2}
  m_PrefabInternal: {fileID: 2069744234}
  m_GameObject: {fileID: 1722697008}
  m_Enabled: 1
  m_EditorHideFlags: 0
  m_Script: {fileID: 708705254, guid: f5f67c52d1564df4a8936ccd202a3bd8, type: 3}
  m_Name: 
  m_EditorClassIdentifier: 
  m_Material: {fileID: 0}
  m_Color: {r: 1, g: 1, b: 1, a: 1}
  m_RaycastTarget: 1
  m_OnCullStateChanged:
    m_PersistentCalls:
      m_Calls: []
    m_TypeName: UnityEngine.UI.MaskableGraphic+CullStateChangedEvent, UnityEngine.UI,
      Version=1.0.0.0, Culture=neutral, PublicKeyToken=null
  m_FontData:
    m_Font: {fileID: 12800000, guid: 218956a5c2a6e42d6a60afccf80b002b, type: 3}
    m_FontSize: 40
    m_FontStyle: 0
    m_BestFit: 0
    m_MinSize: 10
    m_MaxSize: 40
    m_Alignment: 4
    m_AlignByGeometry: 0
    m_RichText: 1
    m_HorizontalOverflow: 0
    m_VerticalOverflow: 0
    m_LineSpacing: 1
  m_Text: Charts
--- !u!222 &1722697011
CanvasRenderer:
  m_ObjectHideFlags: 0
  m_PrefabParentObject: {fileID: 22296346, guid: f1de4bbb502ee8d409a782814fd8a0f3,
    type: 2}
  m_PrefabInternal: {fileID: 2069744234}
  m_GameObject: {fileID: 1722697008}
--- !u!1 &1856949505
GameObject:
  m_ObjectHideFlags: 0
  m_PrefabParentObject: {fileID: 196334, guid: f1de4bbb502ee8d409a782814fd8a0f3, type: 2}
  m_PrefabInternal: {fileID: 2069744234}
  serializedVersion: 4
  m_Component:
  - 224: {fileID: 1856949506}
  - 222: {fileID: 1856949508}
  - 114: {fileID: 1856949507}
  m_Layer: 5
  m_Name: FillingObject
  m_TagString: Untagged
  m_Icon: {fileID: 0}
  m_NavMeshLayer: 0
  m_StaticEditorFlags: 0
  m_IsActive: 1
--- !u!224 &1856949506
RectTransform:
  m_ObjectHideFlags: 0
  m_PrefabParentObject: {fileID: 22496334, guid: f1de4bbb502ee8d409a782814fd8a0f3,
    type: 2}
  m_PrefabInternal: {fileID: 2069744234}
  m_GameObject: {fileID: 1856949505}
  m_LocalRotation: {x: 0, y: 0, z: 0, w: 1}
  m_LocalPosition: {x: 0, y: 0, z: 0}
  m_LocalScale: {x: 1, y: 1, z: 1}
  m_LocalEulerAnglesHint: {x: 0, y: 0, z: 0}
  m_Children: []
  m_Father: {fileID: 36091501}
  m_RootOrder: 0
  m_AnchorMin: {x: 0.5, y: 0.5}
  m_AnchorMax: {x: 0.5, y: 0.5}
  m_AnchoredPosition: {x: 0, y: 0}
  m_SizeDelta: {x: 231, y: 231}
  m_Pivot: {x: 0.5, y: 0.5}
--- !u!114 &1856949507
MonoBehaviour:
  m_ObjectHideFlags: 0
  m_PrefabParentObject: {fileID: 11496340, guid: f1de4bbb502ee8d409a782814fd8a0f3,
    type: 2}
  m_PrefabInternal: {fileID: 2069744234}
  m_GameObject: {fileID: 1856949505}
  m_Enabled: 1
  m_EditorHideFlags: 0
  m_Script: {fileID: -765806418, guid: f5f67c52d1564df4a8936ccd202a3bd8, type: 3}
  m_Name: 
  m_EditorClassIdentifier: 
  m_Material: {fileID: 0}
  m_Color: {r: 0.99215686, g: 0.4509804, b: 0.44313726, a: 1}
  m_RaycastTarget: 1
  m_OnCullStateChanged:
    m_PersistentCalls:
      m_Calls: []
    m_TypeName: UnityEngine.UI.MaskableGraphic+CullStateChangedEvent, UnityEngine.UI,
      Version=1.0.0.0, Culture=neutral, PublicKeyToken=null
  m_Sprite: {fileID: 21300000, guid: 5edfdb1318310614985b8de7ab9b784c, type: 3}
  m_Type: 3
  m_PreserveAspect: 0
  m_FillCenter: 1
  m_FillMethod: 4
  m_FillAmount: 0.814
  m_FillClockwise: 1
  m_FillOrigin: 2
--- !u!222 &1856949508
CanvasRenderer:
  m_ObjectHideFlags: 0
  m_PrefabParentObject: {fileID: 22296334, guid: f1de4bbb502ee8d409a782814fd8a0f3,
    type: 2}
  m_PrefabInternal: {fileID: 2069744234}
  m_GameObject: {fileID: 1856949505}
--- !u!1 &1912847549
GameObject:
  m_ObjectHideFlags: 0
  m_PrefabParentObject: {fileID: 196330, guid: f1de4bbb502ee8d409a782814fd8a0f3, type: 2}
  m_PrefabInternal: {fileID: 2069744234}
  serializedVersion: 4
  m_Component:
  - 224: {fileID: 1912847550}
  - 222: {fileID: 1912847552}
  - 114: {fileID: 1912847551}
  m_Layer: 5
  m_Name: FillingObject
  m_TagString: Untagged
  m_Icon: {fileID: 0}
  m_NavMeshLayer: 0
  m_StaticEditorFlags: 0
  m_IsActive: 1
--- !u!224 &1912847550
RectTransform:
  m_ObjectHideFlags: 0
  m_PrefabParentObject: {fileID: 22496330, guid: f1de4bbb502ee8d409a782814fd8a0f3,
    type: 2}
  m_PrefabInternal: {fileID: 2069744234}
  m_GameObject: {fileID: 1912847549}
  m_LocalRotation: {x: 0, y: 0, z: 0, w: 1}
  m_LocalPosition: {x: 0, y: 0, z: 0}
  m_LocalScale: {x: 1, y: 1, z: 1}
  m_LocalEulerAnglesHint: {x: 0, y: 0, z: 0}
  m_Children:
  - {fileID: 814291600}
  m_Father: {fileID: 653767660}
  m_RootOrder: 0
  m_AnchorMin: {x: 0.5, y: 0.5}
  m_AnchorMax: {x: 0.5, y: 0.5}
  m_AnchoredPosition: {x: 0, y: 0}
  m_SizeDelta: {x: 231, y: 231}
  m_Pivot: {x: 0.5, y: 0.5}
--- !u!114 &1912847551
MonoBehaviour:
  m_ObjectHideFlags: 0
  m_PrefabParentObject: {fileID: 11496334, guid: f1de4bbb502ee8d409a782814fd8a0f3,
    type: 2}
  m_PrefabInternal: {fileID: 2069744234}
  m_GameObject: {fileID: 1912847549}
  m_Enabled: 1
  m_EditorHideFlags: 0
  m_Script: {fileID: -765806418, guid: f5f67c52d1564df4a8936ccd202a3bd8, type: 3}
  m_Name: 
  m_EditorClassIdentifier: 
  m_Material: {fileID: 0}
  m_Color: {r: 0.99215686, g: 0.4509804, b: 0.44313726, a: 1}
  m_RaycastTarget: 1
  m_OnCullStateChanged:
    m_PersistentCalls:
      m_Calls: []
    m_TypeName: UnityEngine.UI.MaskableGraphic+CullStateChangedEvent, UnityEngine.UI,
      Version=1.0.0.0, Culture=neutral, PublicKeyToken=null
  m_Sprite: {fileID: 21300000, guid: 5edfdb1318310614985b8de7ab9b784c, type: 3}
  m_Type: 3
  m_PreserveAspect: 0
  m_FillCenter: 1
  m_FillMethod: 4
  m_FillAmount: 0.085
  m_FillClockwise: 1
  m_FillOrigin: 2
--- !u!222 &1912847552
CanvasRenderer:
  m_ObjectHideFlags: 0
  m_PrefabParentObject: {fileID: 22296330, guid: f1de4bbb502ee8d409a782814fd8a0f3,
    type: 2}
  m_PrefabInternal: {fileID: 2069744234}
  m_GameObject: {fileID: 1912847549}
--- !u!1 &1977438394
GameObject:
  m_ObjectHideFlags: 0
  m_PrefabParentObject: {fileID: 196318, guid: f1de4bbb502ee8d409a782814fd8a0f3, type: 2}
  m_PrefabInternal: {fileID: 2069744234}
  serializedVersion: 4
  m_Component:
  - 224: {fileID: 1977438395}
  - 222: {fileID: 1977438397}
  - 114: {fileID: 1977438396}
  m_Layer: 5
  m_Name: Text
  m_TagString: Untagged
  m_Icon: {fileID: 0}
  m_NavMeshLayer: 0
  m_StaticEditorFlags: 0
  m_IsActive: 1
--- !u!224 &1977438395
RectTransform:
  m_ObjectHideFlags: 0
  m_PrefabParentObject: {fileID: 22496318, guid: f1de4bbb502ee8d409a782814fd8a0f3,
    type: 2}
  m_PrefabInternal: {fileID: 2069744234}
  m_GameObject: {fileID: 1977438394}
  m_LocalRotation: {x: 0, y: 0, z: 0, w: 1}
  m_LocalPosition: {x: 0, y: 0, z: 0}
  m_LocalScale: {x: 1, y: 1, z: 1}
  m_LocalEulerAnglesHint: {x: 0, y: 0, z: 0}
  m_Children: []
  m_Father: {fileID: 36091501}
  m_RootOrder: 1
  m_AnchorMin: {x: 0.5, y: 0.5}
  m_AnchorMax: {x: 0.5, y: 0.5}
  m_AnchoredPosition: {x: 0, y: 0.0000038146973}
  m_SizeDelta: {x: 155.4, y: 122.1}
  m_Pivot: {x: 0.5, y: 0.5}
--- !u!114 &1977438396
MonoBehaviour:
  m_ObjectHideFlags: 0
  m_PrefabParentObject: {fileID: 11496320, guid: f1de4bbb502ee8d409a782814fd8a0f3,
    type: 2}
  m_PrefabInternal: {fileID: 2069744234}
  m_GameObject: {fileID: 1977438394}
  m_Enabled: 1
  m_EditorHideFlags: 0
  m_Script: {fileID: 708705254, guid: f5f67c52d1564df4a8936ccd202a3bd8, type: 3}
  m_Name: 
  m_EditorClassIdentifier: 
  m_Material: {fileID: 0}
  m_Color: {r: 0.99215686, g: 0.4509804, b: 0.44313726, a: 1}
  m_RaycastTarget: 1
  m_OnCullStateChanged:
    m_PersistentCalls:
      m_Calls: []
    m_TypeName: UnityEngine.UI.MaskableGraphic+CullStateChangedEvent, UnityEngine.UI,
      Version=1.0.0.0, Culture=neutral, PublicKeyToken=null
  m_FontData:
    m_Font: {fileID: 12800000, guid: bd1ea67ca2b5742d1a24fcbdc17c55e1, type: 3}
    m_FontSize: 71
    m_FontStyle: 0
    m_BestFit: 0
    m_MinSize: 10
    m_MaxSize: 71
    m_Alignment: 4
    m_AlignByGeometry: 0
    m_RichText: 1
    m_HorizontalOverflow: 0
    m_VerticalOverflow: 0
    m_LineSpacing: 1
  m_Text: 800
--- !u!222 &1977438397
CanvasRenderer:
  m_ObjectHideFlags: 0
  m_PrefabParentObject: {fileID: 22296318, guid: f1de4bbb502ee8d409a782814fd8a0f3,
    type: 2}
  m_PrefabInternal: {fileID: 2069744234}
  m_GameObject: {fileID: 1977438394}
--- !u!1 &2029971375
GameObject:
  m_ObjectHideFlags: 0
  m_PrefabParentObject: {fileID: 196322, guid: f1de4bbb502ee8d409a782814fd8a0f3, type: 2}
  m_PrefabInternal: {fileID: 2069744234}
  serializedVersion: 4
  m_Component:
  - 224: {fileID: 2029971376}
  - 222: {fileID: 2029971378}
  - 114: {fileID: 2029971377}
  m_Layer: 5
  m_Name: Text
  m_TagString: Untagged
  m_Icon: {fileID: 0}
  m_NavMeshLayer: 0
  m_StaticEditorFlags: 0
  m_IsActive: 1
--- !u!224 &2029971376
RectTransform:
  m_ObjectHideFlags: 0
  m_PrefabParentObject: {fileID: 22496322, guid: f1de4bbb502ee8d409a782814fd8a0f3,
    type: 2}
  m_PrefabInternal: {fileID: 2069744234}
  m_GameObject: {fileID: 2029971375}
  m_LocalRotation: {x: 0, y: 0, z: 0, w: 1}
  m_LocalPosition: {x: 0, y: 0, z: 0}
  m_LocalScale: {x: 1, y: 1, z: 1}
  m_LocalEulerAnglesHint: {x: 0, y: 0, z: 0}
  m_Children: []
  m_Father: {fileID: 936292556}
  m_RootOrder: 2
  m_AnchorMin: {x: 0.5, y: 0.5}
  m_AnchorMax: {x: 0.5, y: 0.5}
  m_AnchoredPosition: {x: 0, y: -190}
  m_SizeDelta: {x: 198, y: 42}
  m_Pivot: {x: 0.5, y: 0.5}
--- !u!114 &2029971377
MonoBehaviour:
  m_ObjectHideFlags: 0
  m_PrefabParentObject: {fileID: 11496324, guid: f1de4bbb502ee8d409a782814fd8a0f3,
    type: 2}
  m_PrefabInternal: {fileID: 2069744234}
  m_GameObject: {fileID: 2029971375}
  m_Enabled: 1
  m_EditorHideFlags: 0
  m_Script: {fileID: 708705254, guid: f5f67c52d1564df4a8936ccd202a3bd8, type: 3}
  m_Name: 
  m_EditorClassIdentifier: 
  m_Material: {fileID: 0}
  m_Color: {r: 0.49264705, g: 0.49264705, b: 0.49264705, a: 1}
  m_RaycastTarget: 1
  m_OnCullStateChanged:
    m_PersistentCalls:
      m_Calls: []
    m_TypeName: UnityEngine.UI.MaskableGraphic+CullStateChangedEvent, UnityEngine.UI,
      Version=1.0.0.0, Culture=neutral, PublicKeyToken=null
  m_FontData:
    m_Font: {fileID: 12800000, guid: 218956a5c2a6e42d6a60afccf80b002b, type: 3}
    m_FontSize: 19
    m_FontStyle: 0
    m_BestFit: 0
    m_MinSize: 10
    m_MaxSize: 40
    m_Alignment: 4
    m_AlignByGeometry: 0
    m_RichText: 1
    m_HorizontalOverflow: 0
    m_VerticalOverflow: 0
    m_LineSpacing: 1
  m_Text: READY TO GO
--- !u!222 &2029971378
CanvasRenderer:
  m_ObjectHideFlags: 0
  m_PrefabParentObject: {fileID: 22296322, guid: f1de4bbb502ee8d409a782814fd8a0f3,
    type: 2}
  m_PrefabInternal: {fileID: 2069744234}
  m_GameObject: {fileID: 2029971375}
--- !u!1001 &2069744234
Prefab:
  m_ObjectHideFlags: 0
  serializedVersion: 2
  m_Modification:
    m_TransformParent: {fileID: 0}
    m_Modifications:
    - target: {fileID: 22496332, guid: f1de4bbb502ee8d409a782814fd8a0f3, type: 2}
      propertyPath: m_LocalPosition.x
      value: 0
      objectReference: {fileID: 0}
    - target: {fileID: 22496332, guid: f1de4bbb502ee8d409a782814fd8a0f3, type: 2}
      propertyPath: m_LocalPosition.y
      value: 0
      objectReference: {fileID: 0}
    - target: {fileID: 22496332, guid: f1de4bbb502ee8d409a782814fd8a0f3, type: 2}
      propertyPath: m_LocalPosition.z
      value: 0
      objectReference: {fileID: 0}
    - target: {fileID: 22496332, guid: f1de4bbb502ee8d409a782814fd8a0f3, type: 2}
      propertyPath: m_LocalRotation.x
      value: 0
      objectReference: {fileID: 0}
    - target: {fileID: 22496332, guid: f1de4bbb502ee8d409a782814fd8a0f3, type: 2}
      propertyPath: m_LocalRotation.y
      value: 0
      objectReference: {fileID: 0}
    - target: {fileID: 22496332, guid: f1de4bbb502ee8d409a782814fd8a0f3, type: 2}
      propertyPath: m_LocalRotation.z
      value: 0
      objectReference: {fileID: 0}
    - target: {fileID: 22496332, guid: f1de4bbb502ee8d409a782814fd8a0f3, type: 2}
      propertyPath: m_LocalRotation.w
      value: 1
      objectReference: {fileID: 0}
    - target: {fileID: 22496332, guid: f1de4bbb502ee8d409a782814fd8a0f3, type: 2}
      propertyPath: m_RootOrder
      value: 0
      objectReference: {fileID: 0}
    - target: {fileID: 22496332, guid: f1de4bbb502ee8d409a782814fd8a0f3, type: 2}
      propertyPath: m_AnchoredPosition.x
      value: 0
      objectReference: {fileID: 0}
    - target: {fileID: 22496332, guid: f1de4bbb502ee8d409a782814fd8a0f3, type: 2}
      propertyPath: m_AnchoredPosition.y
      value: 0
      objectReference: {fileID: 0}
    - target: {fileID: 22496332, guid: f1de4bbb502ee8d409a782814fd8a0f3, type: 2}
      propertyPath: m_SizeDelta.x
      value: 0
      objectReference: {fileID: 0}
    - target: {fileID: 22496332, guid: f1de4bbb502ee8d409a782814fd8a0f3, type: 2}
      propertyPath: m_SizeDelta.y
      value: 0
      objectReference: {fileID: 0}
    - target: {fileID: 22496332, guid: f1de4bbb502ee8d409a782814fd8a0f3, type: 2}
      propertyPath: m_AnchorMin.x
      value: 0
      objectReference: {fileID: 0}
    - target: {fileID: 22496332, guid: f1de4bbb502ee8d409a782814fd8a0f3, type: 2}
      propertyPath: m_AnchorMin.y
      value: 0
      objectReference: {fileID: 0}
    - target: {fileID: 22496332, guid: f1de4bbb502ee8d409a782814fd8a0f3, type: 2}
      propertyPath: m_AnchorMax.x
      value: 0
      objectReference: {fileID: 0}
    - target: {fileID: 22496332, guid: f1de4bbb502ee8d409a782814fd8a0f3, type: 2}
      propertyPath: m_AnchorMax.y
      value: 0
      objectReference: {fileID: 0}
    - target: {fileID: 22496332, guid: f1de4bbb502ee8d409a782814fd8a0f3, type: 2}
      propertyPath: m_Pivot.x
      value: 0
      objectReference: {fileID: 0}
    - target: {fileID: 22496332, guid: f1de4bbb502ee8d409a782814fd8a0f3, type: 2}
      propertyPath: m_Pivot.y
      value: 0
      objectReference: {fileID: 0}
    m_RemovedComponents: []
  m_ParentPrefab: {fileID: 100100000, guid: f1de4bbb502ee8d409a782814fd8a0f3, type: 2}
  m_RootGameObject: {fileID: 763452029}
  m_IsPrefabParent: 0
