%YAML 1.1
%TAG !u! tag:unity3d.com,2011:
--- !u!29 &1
SceneSettings:
  m_ObjectHideFlags: 0
  m_PVSData: 
  m_PVSObjectsArray: []
  m_PVSPortalsArray: []
  m_OcclusionBakeSettings:
    smallestOccluder: 5
    smallestHole: 0.25
    backfaceThreshold: 100
--- !u!104 &2
RenderSettings:
  m_ObjectHideFlags: 0
  serializedVersion: 7
  m_Fog: 0
  m_FogColor: {r: 0.5, g: 0.5, b: 0.5, a: 1}
  m_FogMode: 3
  m_FogDensity: 0.01
  m_LinearFogStart: 0
  m_LinearFogEnd: 300
  m_AmbientSkyColor: {r: 0.212, g: 0.227, b: 0.259, a: 1}
  m_AmbientEquatorColor: {r: 0.114, g: 0.125, b: 0.133, a: 1}
  m_AmbientGroundColor: {r: 0.047, g: 0.043, b: 0.035, a: 1}
  m_AmbientIntensity: 1
  m_AmbientMode: 0
  m_SkyboxMaterial: {fileID: 10304, guid: 0000000000000000f000000000000000, type: 0}
  m_HaloStrength: 0.5
  m_FlareStrength: 1
  m_FlareFadeSpeed: 3
  m_HaloTexture: {fileID: 0}
  m_SpotCookie: {fileID: 10001, guid: 0000000000000000e000000000000000, type: 0}
  m_DefaultReflectionMode: 0
  m_DefaultReflectionResolution: 128
  m_ReflectionBounces: 1
  m_ReflectionIntensity: 1
  m_CustomReflection: {fileID: 0}
  m_Sun: {fileID: 0}
  m_IndirectSpecularColor: {r: 0, g: 0, b: 0, a: 1}
--- !u!157 &4
LightmapSettings:
  m_ObjectHideFlags: 0
  serializedVersion: 7
  m_GIWorkflowMode: 0
  m_GISettings:
    serializedVersion: 2
    m_BounceScale: 1
    m_IndirectOutputScale: 1
    m_AlbedoBoost: 1
    m_TemporalCoherenceThreshold: 1
    m_EnvironmentLightingMode: 0
    m_EnableBakedLightmaps: 1
    m_EnableRealtimeLightmaps: 1
  m_LightmapEditorSettings:
    serializedVersion: 4
    m_Resolution: 2
    m_BakeResolution: 40
    m_TextureWidth: 1024
    m_TextureHeight: 1024
    m_AO: 0
    m_AOMaxDistance: 1
    m_CompAOExponent: 0
    m_CompAOExponentDirect: 0
    m_Padding: 2
    m_LightmapParameters: {fileID: 0}
    m_LightmapsBakeMode: 1
    m_TextureCompression: 1
    m_DirectLightInLightProbes: 1
    m_FinalGather: 0
    m_FinalGatherFiltering: 1
    m_FinalGatherRayCount: 1024
    m_ReflectionCompression: 2
  m_LightingDataAsset: {fileID: 0}
  m_RuntimeCPUUsage: 25
--- !u!196 &5
NavMeshSettings:
  serializedVersion: 2
  m_ObjectHideFlags: 0
  m_BuildSettings:
    serializedVersion: 2
    agentRadius: 0.5
    agentHeight: 2
    agentSlope: 45
    agentClimb: 0.4
    ledgeDropHeight: 0
    maxJumpAcrossDistance: 0
    accuratePlacement: 0
    minRegionArea: 2
    cellSize: 0.16666667
    manualCellSize: 0
  m_NavMeshData: {fileID: 0}
--- !u!1 &177455117
GameObject:
  m_ObjectHideFlags: 0
  m_PrefabParentObject: {fileID: 108100, guid: a93ad697322ed6849866e5798c98d84c, type: 2}
  m_PrefabInternal: {fileID: 1053079133}
  serializedVersion: 4
  m_Component:
  - 4: {fileID: 177455122}
  - 20: {fileID: 177455118}
  - 124: {fileID: 177455121}
  - 92: {fileID: 177455120}
  - 81: {fileID: 177455119}
  m_Layer: 5
  m_Name: Camera
  m_TagString: Untagged
  m_Icon: {fileID: 0}
  m_NavMeshLayer: 0
  m_StaticEditorFlags: 0
  m_IsActive: 1
--- !u!20 &177455118
Camera:
  m_ObjectHideFlags: 0
  m_PrefabParentObject: {fileID: 2018614, guid: a93ad697322ed6849866e5798c98d84c,
    type: 2}
  m_PrefabInternal: {fileID: 1053079133}
  m_GameObject: {fileID: 177455117}
  m_Enabled: 1
  serializedVersion: 2
  m_ClearFlags: 2
  m_BackGroundColor: {r: 0.17647058, g: 0.17647058, b: 0.17647058, a: 1}
  m_NormalizedViewPortRect:
    serializedVersion: 2
    x: 0
    y: 0
    width: 1
    height: 1
  near clip plane: 0.3
  far clip plane: 1000
  field of view: 60
  orthographic: 0
  orthographic size: 5
  m_Depth: 0
  m_CullingMask:
    serializedVersion: 2
    m_Bits: 4294967295
  m_RenderingPath: -1
  m_TargetTexture: {fileID: 0}
  m_TargetDisplay: 0
  m_TargetEye: 3
  m_HDR: 0
  m_OcclusionCulling: 1
  m_StereoConvergence: 10
  m_StereoSeparation: 0.022
  m_StereoMirrorMode: 0
--- !u!81 &177455119
AudioListener:
  m_ObjectHideFlags: 0
  m_PrefabParentObject: {fileID: 8178840, guid: a93ad697322ed6849866e5798c98d84c,
    type: 2}
  m_PrefabInternal: {fileID: 1053079133}
  m_GameObject: {fileID: 177455117}
  m_Enabled: 1
--- !u!92 &177455120
Behaviour:
  m_ObjectHideFlags: 0
  m_PrefabParentObject: {fileID: 9215748, guid: a93ad697322ed6849866e5798c98d84c,
    type: 2}
  m_PrefabInternal: {fileID: 1053079133}
  m_GameObject: {fileID: 177455117}
  m_Enabled: 1
--- !u!124 &177455121
Behaviour:
  m_ObjectHideFlags: 0
  m_PrefabParentObject: {fileID: 12424538, guid: a93ad697322ed6849866e5798c98d84c,
    type: 2}
  m_PrefabInternal: {fileID: 1053079133}
  m_GameObject: {fileID: 177455117}
  m_Enabled: 1
--- !u!4 &177455122
Transform:
  m_ObjectHideFlags: 0
  m_PrefabParentObject: {fileID: 456896, guid: a93ad697322ed6849866e5798c98d84c, type: 2}
  m_PrefabInternal: {fileID: 1053079133}
  m_GameObject: {fileID: 177455117}
  m_LocalRotation: {x: 0, y: 0, z: 0, w: 1}
  m_LocalPosition: {x: 0, y: 0, z: -983.8048}
  m_LocalScale: {x: 1, y: 1, z: 1}
  m_LocalEulerAnglesHint: {x: 0, y: 0, z: 0}
  m_Children: []
  m_Father: {fileID: 390649095}
  m_RootOrder: 8
--- !u!1 &201482450
GameObject:
  m_ObjectHideFlags: 0
  m_PrefabParentObject: {fileID: 135002, guid: a93ad697322ed6849866e5798c98d84c, type: 2}
  m_PrefabInternal: {fileID: 1053079133}
  serializedVersion: 4
  m_Component:
  - 224: {fileID: 201482451}
  - 222: {fileID: 201482454}
  - 114: {fileID: 201482453}
  - 114: {fileID: 201482452}
  m_Layer: 5
  m_Name: Line
  m_TagString: Untagged
  m_Icon: {fileID: 0}
  m_NavMeshLayer: 0
  m_StaticEditorFlags: 0
  m_IsActive: 1
--- !u!224 &201482451
RectTransform:
  m_ObjectHideFlags: 0
  m_PrefabParentObject: {fileID: 22435002, guid: a93ad697322ed6849866e5798c98d84c,
    type: 2}
  m_PrefabInternal: {fileID: 1053079133}
  m_GameObject: {fileID: 201482450}
  m_LocalRotation: {x: 0, y: 0, z: 0, w: 1}
  m_LocalPosition: {x: 0, y: 0, z: 0}
  m_LocalScale: {x: 1, y: 1, z: 1}
  m_LocalEulerAnglesHint: {x: 0, y: 0, z: 0}
  m_Children: []
  m_Father: {fileID: 556025120}
  m_RootOrder: 3
  m_AnchorMin: {x: 0.5, y: 0.5}
  m_AnchorMax: {x: 0.5, y: 0.5}
  m_AnchoredPosition: {x: 0.02478, y: 113.600006}
  m_SizeDelta: {x: 640.05, y: 1}
  m_Pivot: {x: 0.5, y: 0.5}
--- !u!114 &201482452
MonoBehaviour:
  m_ObjectHideFlags: 0
  m_PrefabParentObject: {fileID: 11434996, guid: a93ad697322ed6849866e5798c98d84c,
    type: 2}
  m_PrefabInternal: {fileID: 1053079133}
  m_GameObject: {fileID: 201482450}
  m_Enabled: 1
  m_EditorHideFlags: 0
  m_Script: {fileID: 1392445389, guid: f5f67c52d1564df4a8936ccd202a3bd8, type: 3}
  m_Name: 
  m_EditorClassIdentifier: 
  m_Navigation:
    m_Mode: 3
    m_SelectOnUp: {fileID: 0}
    m_SelectOnDown: {fileID: 0}
    m_SelectOnLeft: {fileID: 0}
    m_SelectOnRight: {fileID: 0}
  m_Transition: 1
  m_Colors:
    m_NormalColor: {r: 1, g: 1, b: 1, a: 1}
    m_HighlightedColor: {r: 0.9607843, g: 0.9607843, b: 0.9607843, a: 1}
    m_PressedColor: {r: 0.78431374, g: 0.78431374, b: 0.78431374, a: 1}
    m_DisabledColor: {r: 0.78431374, g: 0.78431374, b: 0.78431374, a: 0.5019608}
    m_ColorMultiplier: 1
    m_FadeDuration: 0.1
  m_SpriteState:
    m_HighlightedSprite: {fileID: 0}
    m_PressedSprite: {fileID: 0}
    m_DisabledSprite: {fileID: 0}
  m_AnimationTriggers:
    m_NormalTrigger: Normal
    m_HighlightedTrigger: Highlighted
    m_PressedTrigger: Pressed
    m_DisabledTrigger: Disabled
  m_Interactable: 1
  m_TargetGraphic: {fileID: 201482453}
  m_OnClick:
    m_PersistentCalls:
      m_Calls: []
    m_TypeName: UnityEngine.UI.Button+ButtonClickedEvent, UnityEngine.UI, Version=1.0.0.0,
      Culture=neutral, PublicKeyToken=null
--- !u!114 &201482453
MonoBehaviour:
  m_ObjectHideFlags: 0
  m_PrefabParentObject: {fileID: 11434994, guid: a93ad697322ed6849866e5798c98d84c,
    type: 2}
  m_PrefabInternal: {fileID: 1053079133}
  m_GameObject: {fileID: 201482450}
  m_Enabled: 1
  m_EditorHideFlags: 0
  m_Script: {fileID: -765806418, guid: f5f67c52d1564df4a8936ccd202a3bd8, type: 3}
  m_Name: 
  m_EditorClassIdentifier: 
  m_Material: {fileID: 0}
  m_Color: {r: 1, g: 1, b: 1, a: 0.4}
  m_RaycastTarget: 1
  m_OnCullStateChanged:
    m_PersistentCalls:
      m_Calls: []
    m_TypeName: UnityEngine.UI.MaskableGraphic+CullStateChangedEvent, UnityEngine.UI,
      Version=1.0.0.0, Culture=neutral, PublicKeyToken=null
  m_Sprite: {fileID: 21300000, guid: 7ed1238760b863f4aafde32ab3a6f28c, type: 3}
  m_Type: 1
  m_PreserveAspect: 0
  m_FillCenter: 1
  m_FillMethod: 4
  m_FillAmount: 1
  m_FillClockwise: 1
  m_FillOrigin: 0
--- !u!222 &201482454
CanvasRenderer:
  m_ObjectHideFlags: 0
  m_PrefabParentObject: {fileID: 22235002, guid: a93ad697322ed6849866e5798c98d84c,
    type: 2}
  m_PrefabInternal: {fileID: 1053079133}
  m_GameObject: {fileID: 201482450}
--- !u!1 &223630262
GameObject:
  m_ObjectHideFlags: 0
  m_PrefabParentObject: {fileID: 134996, guid: a93ad697322ed6849866e5798c98d84c, type: 2}
  m_PrefabInternal: {fileID: 1053079133}
  serializedVersion: 4
  m_Component:
  - 224: {fileID: 223630263}
  - 222: {fileID: 223630265}
  - 114: {fileID: 223630264}
  m_Layer: 5
  m_Name: Event_2
  m_TagString: Untagged
  m_Icon: {fileID: 0}
  m_NavMeshLayer: 0
  m_StaticEditorFlags: 0
  m_IsActive: 1
--- !u!224 &223630263
RectTransform:
  m_ObjectHideFlags: 0
  m_PrefabParentObject: {fileID: 22434996, guid: a93ad697322ed6849866e5798c98d84c,
    type: 2}
  m_PrefabInternal: {fileID: 1053079133}
  m_GameObject: {fileID: 223630262}
  m_LocalRotation: {x: -0.25881907, y: 0, z: 0, w: 0.9659259}
  m_LocalPosition: {x: 0, y: 0, z: 0}
  m_LocalScale: {x: 1, y: 1, z: 1}
  m_LocalEulerAnglesHint: {x: 0, y: 0, z: 0}
  m_Children:
  - {fileID: 514720495}
  - {fileID: 1475901914}
  - {fileID: 416691635}
  - {fileID: 926190519}
  m_Father: {fileID: 390649095}
  m_RootOrder: 2
  m_AnchorMin: {x: 0.5, y: 0.5}
  m_AnchorMax: {x: 0.5, y: 0.5}
  m_AnchoredPosition: {x: 0, y: 307}
  m_SizeDelta: {x: 640, y: 152}
  m_Pivot: {x: 0.5, y: 1.0000001}
--- !u!114 &223630264
MonoBehaviour:
  m_ObjectHideFlags: 0
  m_PrefabParentObject: {fileID: 11434986, guid: a93ad697322ed6849866e5798c98d84c,
    type: 2}
  m_PrefabInternal: {fileID: 1053079133}
  m_GameObject: {fileID: 223630262}
  m_Enabled: 1
  m_EditorHideFlags: 0
  m_Script: {fileID: -765806418, guid: f5f67c52d1564df4a8936ccd202a3bd8, type: 3}
  m_Name: 
  m_EditorClassIdentifier: 
  m_Material: {fileID: 0}
  m_Color: {r: 0.8235294, g: 0.8235294, b: 0.8235294, a: 1}
  m_RaycastTarget: 1
  m_OnCullStateChanged:
    m_PersistentCalls:
      m_Calls: []
    m_TypeName: UnityEngine.UI.MaskableGraphic+CullStateChangedEvent, UnityEngine.UI,
      Version=1.0.0.0, Culture=neutral, PublicKeyToken=null
  m_Sprite: {fileID: 21300000, guid: 7ed1238760b863f4aafde32ab3a6f28c, type: 3}
  m_Type: 1
  m_PreserveAspect: 0
  m_FillCenter: 1
  m_FillMethod: 4
  m_FillAmount: 1
  m_FillClockwise: 1
  m_FillOrigin: 0
--- !u!222 &223630265
CanvasRenderer:
  m_ObjectHideFlags: 0
  m_PrefabParentObject: {fileID: 22234996, guid: a93ad697322ed6849866e5798c98d84c,
    type: 2}
  m_PrefabInternal: {fileID: 1053079133}
  m_GameObject: {fileID: 223630262}
--- !u!1 &390649090
GameObject:
  m_ObjectHideFlags: 0
  m_PrefabParentObject: {fileID: 135030, guid: a93ad697322ed6849866e5798c98d84c, type: 2}
  m_PrefabInternal: {fileID: 1053079133}
  serializedVersion: 4
  m_Component:
  - 224: {fileID: 390649095}
  - 223: {fileID: 390649094}
  - 114: {fileID: 390649093}
  - 114: {fileID: 390649092}
  - 222: {fileID: 390649091}
  m_Layer: 5
  m_Name: CalendarApp_1
  m_TagString: Untagged
  m_Icon: {fileID: 0}
  m_NavMeshLayer: 0
  m_StaticEditorFlags: 0
  m_IsActive: 1
--- !u!222 &390649091
CanvasRenderer:
  m_ObjectHideFlags: 0
  m_PrefabParentObject: {fileID: 22235030, guid: a93ad697322ed6849866e5798c98d84c,
    type: 2}
  m_PrefabInternal: {fileID: 1053079133}
  m_GameObject: {fileID: 390649090}
--- !u!114 &390649092
MonoBehaviour:
  m_ObjectHideFlags: 0
  m_PrefabParentObject: {fileID: 11435030, guid: a93ad697322ed6849866e5798c98d84c,
    type: 2}
  m_PrefabInternal: {fileID: 1053079133}
  m_GameObject: {fileID: 390649090}
  m_Enabled: 1
  m_EditorHideFlags: 0
  m_Script: {fileID: 1301386320, guid: f5f67c52d1564df4a8936ccd202a3bd8, type: 3}
  m_Name: 
  m_EditorClassIdentifier: 
  m_IgnoreReversedGraphics: 1
  m_BlockingObjects: 0
  m_BlockingMask:
    serializedVersion: 2
    m_Bits: 4294967295
--- !u!114 &390649093
MonoBehaviour:
  m_ObjectHideFlags: 0
  m_PrefabParentObject: {fileID: 11435028, guid: a93ad697322ed6849866e5798c98d84c,
    type: 2}
  m_PrefabInternal: {fileID: 1053079133}
  m_GameObject: {fileID: 390649090}
  m_Enabled: 1
  m_EditorHideFlags: 0
  m_Script: {fileID: 1980459831, guid: f5f67c52d1564df4a8936ccd202a3bd8, type: 3}
  m_Name: 
  m_EditorClassIdentifier: 
  m_UiScaleMode: 1
  m_ReferencePixelsPerUnit: 100
  m_ScaleFactor: 1
  m_ReferenceResolution: {x: 640, y: 1136}
  m_ScreenMatchMode: 0
  m_MatchWidthOrHeight: 1
  m_PhysicalUnit: 3
  m_FallbackScreenDPI: 96
  m_DefaultSpriteDPI: 96
  m_DynamicPixelsPerUnit: 1
--- !u!223 &390649094
Canvas:
  m_ObjectHideFlags: 0
  m_PrefabParentObject: {fileID: 22335030, guid: a93ad697322ed6849866e5798c98d84c,
    type: 2}
  m_PrefabInternal: {fileID: 1053079133}
  m_GameObject: {fileID: 390649090}
  m_Enabled: 1
  serializedVersion: 2
  m_RenderMode: 1
  m_Camera: {fileID: 177455118}
  m_PlaneDistance: 100
  m_PixelPerfect: 1
  m_ReceivesEvents: 1
  m_OverrideSorting: 0
  m_OverridePixelPerfect: 0
  m_SortingBucketNormalizedSize: 0
  m_SortingLayerID: 0
  m_SortingOrder: 0
  m_TargetDisplay: 0
--- !u!224 &390649095
RectTransform:
  m_ObjectHideFlags: 0
  m_PrefabParentObject: {fileID: 22435030, guid: a93ad697322ed6849866e5798c98d84c,
    type: 2}
  m_PrefabInternal: {fileID: 1053079133}
  m_GameObject: {fileID: 390649090}
  m_LocalRotation: {x: 0, y: 0, z: 0, w: 1}
  m_LocalPosition: {x: 0, y: 0, z: 0}
  m_LocalScale: {x: 0, y: 0, z: 0}
  m_LocalEulerAnglesHint: {x: 0, y: 0, z: 0}
  m_Children:
  - {fileID: 1898450774}
  - {fileID: 1897264097}
  - {fileID: 223630263}
  - {fileID: 468344487}
  - {fileID: 1009358178}
  - {fileID: 556025120}
  - {fileID: 1412740120}
  - {fileID: 1899444456}
  - {fileID: 177455122}
  m_Father: {fileID: 0}
  m_RootOrder: 0
  m_AnchorMin: {x: 0, y: 0}
  m_AnchorMax: {x: 0, y: 0}
  m_AnchoredPosition: {x: 0, y: 0}
  m_SizeDelta: {x: 0, y: 0}
  m_Pivot: {x: 0, y: 0}
--- !u!1 &416691634
GameObject:
  m_ObjectHideFlags: 0
  m_PrefabParentObject: {fileID: 135000, guid: a93ad697322ed6849866e5798c98d84c, type: 2}
  m_PrefabInternal: {fileID: 1053079133}
  serializedVersion: 4
  m_Component:
  - 224: {fileID: 416691635}
  - 222: {fileID: 416691637}
  - 114: {fileID: 416691636}
  m_Layer: 5
  m_Name: Text
  m_TagString: Untagged
  m_Icon: {fileID: 0}
  m_NavMeshLayer: 0
  m_StaticEditorFlags: 0
  m_IsActive: 1
--- !u!224 &416691635
RectTransform:
  m_ObjectHideFlags: 0
  m_PrefabParentObject: {fileID: 22435000, guid: a93ad697322ed6849866e5798c98d84c,
    type: 2}
  m_PrefabInternal: {fileID: 1053079133}
  m_GameObject: {fileID: 416691634}
  m_LocalRotation: {x: 0, y: 0, z: 0, w: 1}
  m_LocalPosition: {x: 0, y: 0, z: 0}
  m_LocalScale: {x: 1, y: 1, z: 1}
  m_LocalEulerAnglesHint: {x: 0, y: 0, z: 0}
  m_Children: []
  m_Father: {fileID: 223630263}
  m_RootOrder: 2
  m_AnchorMin: {x: 0.5, y: 0.5}
  m_AnchorMax: {x: 0.5, y: 0.5}
  m_AnchoredPosition: {x: -196, y: 0}
  m_SizeDelta: {x: 167, y: 99}
  m_Pivot: {x: 0.5, y: 0.5}
--- !u!114 &416691636
MonoBehaviour:
  m_ObjectHideFlags: 0
  m_PrefabParentObject: {fileID: 11434992, guid: a93ad697322ed6849866e5798c98d84c,
    type: 2}
  m_PrefabInternal: {fileID: 1053079133}
  m_GameObject: {fileID: 416691634}
  m_Enabled: 1
  m_EditorHideFlags: 0
  m_Script: {fileID: 708705254, guid: f5f67c52d1564df4a8936ccd202a3bd8, type: 3}
  m_Name: 
  m_EditorClassIdentifier: 
  m_Material: {fileID: 0}
  m_Color: {r: 0.27058825, g: 0.27058825, b: 0.27058825, a: 1}
  m_RaycastTarget: 1
  m_OnCullStateChanged:
    m_PersistentCalls:
      m_Calls: []
    m_TypeName: UnityEngine.UI.MaskableGraphic+CullStateChangedEvent, UnityEngine.UI,
      Version=1.0.0.0, Culture=neutral, PublicKeyToken=null
  m_FontData:
    m_Font: {fileID: 12800000, guid: 5c425d43bb0df45ca8eb162d5154251e, type: 3}
    m_FontSize: 26
    m_FontStyle: 0
    m_BestFit: 0
    m_MinSize: 10
    m_MaxSize: 40
    m_Alignment: 3
    m_AlignByGeometry: 0
    m_RichText: 1
    m_HorizontalOverflow: 0
    m_VerticalOverflow: 0
    m_LineSpacing: 1
  m_Text: 06:30AM
--- !u!222 &416691637
CanvasRenderer:
  m_ObjectHideFlags: 0
  m_PrefabParentObject: {fileID: 22235000, guid: a93ad697322ed6849866e5798c98d84c,
    type: 2}
  m_PrefabInternal: {fileID: 1053079133}
  m_GameObject: {fileID: 416691634}
--- !u!1 &468344486
GameObject:
  m_ObjectHideFlags: 0
  m_PrefabParentObject: {fileID: 135020, guid: a93ad697322ed6849866e5798c98d84c, type: 2}
  m_PrefabInternal: {fileID: 1053079133}
  serializedVersion: 4
  m_Component:
  - 224: {fileID: 468344487}
  - 222: {fileID: 468344489}
  - 114: {fileID: 468344488}
  m_Layer: 5
  m_Name: Event_3
  m_TagString: Untagged
  m_Icon: {fileID: 0}
  m_NavMeshLayer: 0
  m_StaticEditorFlags: 0
  m_IsActive: 1
--- !u!224 &468344487
RectTransform:
  m_ObjectHideFlags: 0
  m_PrefabParentObject: {fileID: 22435020, guid: a93ad697322ed6849866e5798c98d84c,
    type: 2}
  m_PrefabInternal: {fileID: 1053079133}
  m_GameObject: {fileID: 468344486}
  m_LocalRotation: {x: 0.25881907, y: 0, z: 0, w: 0.9659259}
  m_LocalPosition: {x: 0, y: 0, z: 0}
  m_LocalScale: {x: 1, y: 1, z: 1}
  m_LocalEulerAnglesHint: {x: 0, y: 0, z: 0}
  m_Children:
  - {fileID: 1372837472}
  - {fileID: 564252056}
  - {fileID: 797994058}
  - {fileID: 964587939}
  m_Father: {fileID: 390649095}
  m_RootOrder: 3
  m_AnchorMin: {x: 0.5, y: 0.5}
  m_AnchorMax: {x: 0.5, y: 0.5}
  m_AnchoredPosition: {x: 0, y: 45}
  m_SizeDelta: {x: 640, y: 152}
  m_Pivot: {x: 0.5, y: 0.00000012479722}
--- !u!114 &468344488
MonoBehaviour:
  m_ObjectHideFlags: 0
  m_PrefabParentObject: {fileID: 11435018, guid: a93ad697322ed6849866e5798c98d84c,
    type: 2}
  m_PrefabInternal: {fileID: 1053079133}
  m_GameObject: {fileID: 468344486}
  m_Enabled: 1
  m_EditorHideFlags: 0
  m_Script: {fileID: -765806418, guid: f5f67c52d1564df4a8936ccd202a3bd8, type: 3}
  m_Name: 
  m_EditorClassIdentifier: 
  m_Material: {fileID: 0}
  m_Color: {r: 0.9411765, g: 0.9411765, b: 0.9411765, a: 1}
  m_RaycastTarget: 1
  m_OnCullStateChanged:
    m_PersistentCalls:
      m_Calls: []
    m_TypeName: UnityEngine.UI.MaskableGraphic+CullStateChangedEvent, UnityEngine.UI,
      Version=1.0.0.0, Culture=neutral, PublicKeyToken=null
  m_Sprite: {fileID: 21300000, guid: 7ed1238760b863f4aafde32ab3a6f28c, type: 3}
  m_Type: 1
  m_PreserveAspect: 0
  m_FillCenter: 1
  m_FillMethod: 4
  m_FillAmount: 1
  m_FillClockwise: 1
  m_FillOrigin: 0
--- !u!222 &468344489
CanvasRenderer:
  m_ObjectHideFlags: 0
  m_PrefabParentObject: {fileID: 22235020, guid: a93ad697322ed6849866e5798c98d84c,
    type: 2}
  m_PrefabInternal: {fileID: 1053079133}
  m_GameObject: {fileID: 468344486}
--- !u!1 &470568566
GameObject:
  m_ObjectHideFlags: 0
  m_PrefabParentObject: {fileID: 134982, guid: a93ad697322ed6849866e5798c98d84c, type: 2}
  m_PrefabInternal: {fileID: 1053079133}
  serializedVersion: 4
  m_Component:
  - 224: {fileID: 470568567}
  - 222: {fileID: 470568570}
  - 114: {fileID: 470568569}
  - 114: {fileID: 470568568}
  m_Layer: 5
  m_Name: Line
  m_TagString: Untagged
  m_Icon: {fileID: 0}
  m_NavMeshLayer: 0
  m_StaticEditorFlags: 0
  m_IsActive: 1
--- !u!224 &470568567
RectTransform:
  m_ObjectHideFlags: 0
  m_PrefabParentObject: {fileID: 22434982, guid: a93ad697322ed6849866e5798c98d84c,
    type: 2}
  m_PrefabInternal: {fileID: 1053079133}
  m_GameObject: {fileID: 470568566}
  m_LocalRotation: {x: 0, y: 0, z: 0, w: 1}
  m_LocalPosition: {x: 0, y: 0, z: 0}
  m_LocalScale: {x: 1, y: 1, z: 1}
  m_LocalEulerAnglesHint: {x: 0, y: 0, z: 0}
  m_Children: []
  m_Father: {fileID: 556025120}
  m_RootOrder: 4
  m_AnchorMin: {x: 0.5, y: 0.5}
  m_AnchorMax: {x: 0.5, y: 0.5}
  m_AnchoredPosition: {x: -0.024956, y: -112.65}
  m_SizeDelta: {x: 640.05, y: 1}
  m_Pivot: {x: 0.5, y: 0.5}
--- !u!114 &470568568
MonoBehaviour:
  m_ObjectHideFlags: 0
  m_PrefabParentObject: {fileID: 11434970, guid: a93ad697322ed6849866e5798c98d84c,
    type: 2}
  m_PrefabInternal: {fileID: 1053079133}
  m_GameObject: {fileID: 470568566}
  m_Enabled: 1
  m_EditorHideFlags: 0
  m_Script: {fileID: 1392445389, guid: f5f67c52d1564df4a8936ccd202a3bd8, type: 3}
  m_Name: 
  m_EditorClassIdentifier: 
  m_Navigation:
    m_Mode: 3
    m_SelectOnUp: {fileID: 0}
    m_SelectOnDown: {fileID: 0}
    m_SelectOnLeft: {fileID: 0}
    m_SelectOnRight: {fileID: 0}
  m_Transition: 1
  m_Colors:
    m_NormalColor: {r: 1, g: 1, b: 1, a: 1}
    m_HighlightedColor: {r: 0.9607843, g: 0.9607843, b: 0.9607843, a: 1}
    m_PressedColor: {r: 0.78431374, g: 0.78431374, b: 0.78431374, a: 1}
    m_DisabledColor: {r: 0.78431374, g: 0.78431374, b: 0.78431374, a: 0.5019608}
    m_ColorMultiplier: 1
    m_FadeDuration: 0.1
  m_SpriteState:
    m_HighlightedSprite: {fileID: 0}
    m_PressedSprite: {fileID: 0}
    m_DisabledSprite: {fileID: 0}
  m_AnimationTriggers:
    m_NormalTrigger: Normal
    m_HighlightedTrigger: Highlighted
    m_PressedTrigger: Pressed
    m_DisabledTrigger: Disabled
  m_Interactable: 1
  m_TargetGraphic: {fileID: 470568569}
  m_OnClick:
    m_PersistentCalls:
      m_Calls: []
    m_TypeName: UnityEngine.UI.Button+ButtonClickedEvent, UnityEngine.UI, Version=1.0.0.0,
      Culture=neutral, PublicKeyToken=null
--- !u!114 &470568569
MonoBehaviour:
  m_ObjectHideFlags: 0
  m_PrefabParentObject: {fileID: 11434968, guid: a93ad697322ed6849866e5798c98d84c,
    type: 2}
  m_PrefabInternal: {fileID: 1053079133}
  m_GameObject: {fileID: 470568566}
  m_Enabled: 1
  m_EditorHideFlags: 0
  m_Script: {fileID: -765806418, guid: f5f67c52d1564df4a8936ccd202a3bd8, type: 3}
  m_Name: 
  m_EditorClassIdentifier: 
  m_Material: {fileID: 0}
  m_Color: {r: 1, g: 1, b: 1, a: 0.4}
  m_RaycastTarget: 1
  m_OnCullStateChanged:
    m_PersistentCalls:
      m_Calls: []
    m_TypeName: UnityEngine.UI.MaskableGraphic+CullStateChangedEvent, UnityEngine.UI,
      Version=1.0.0.0, Culture=neutral, PublicKeyToken=null
  m_Sprite: {fileID: 21300000, guid: 7ed1238760b863f4aafde32ab3a6f28c, type: 3}
  m_Type: 1
  m_PreserveAspect: 0
  m_FillCenter: 1
  m_FillMethod: 4
  m_FillAmount: 1
  m_FillClockwise: 1
  m_FillOrigin: 0
--- !u!222 &470568570
CanvasRenderer:
  m_ObjectHideFlags: 0
  m_PrefabParentObject: {fileID: 22234982, guid: a93ad697322ed6849866e5798c98d84c,
    type: 2}
  m_PrefabInternal: {fileID: 1053079133}
  m_GameObject: {fileID: 470568566}
--- !u!1 &514720494
GameObject:
  m_ObjectHideFlags: 0
  m_PrefabParentObject: {fileID: 134978, guid: a93ad697322ed6849866e5798c98d84c, type: 2}
  m_PrefabInternal: {fileID: 1053079133}
  serializedVersion: 4
  m_Component:
  - 224: {fileID: 514720495}
  - 222: {fileID: 514720497}
  - 114: {fileID: 514720496}
  m_Layer: 5
  m_Name: BG
  m_TagString: Untagged
  m_Icon: {fileID: 0}
  m_NavMeshLayer: 0
  m_StaticEditorFlags: 0
  m_IsActive: 1
--- !u!224 &514720495
RectTransform:
  m_ObjectHideFlags: 0
  m_PrefabParentObject: {fileID: 22434978, guid: a93ad697322ed6849866e5798c98d84c,
    type: 2}
  m_PrefabInternal: {fileID: 1053079133}
  m_GameObject: {fileID: 514720494}
  m_LocalRotation: {x: 0, y: 0, z: 0, w: 1}
  m_LocalPosition: {x: 0, y: 0, z: 0}
  m_LocalScale: {x: 1, y: 1, z: 1}
  m_LocalEulerAnglesHint: {x: 0, y: 0, z: 0}
  m_Children: []
  m_Father: {fileID: 223630263}
  m_RootOrder: 0
  m_AnchorMin: {x: 0.5, y: 0.5}
  m_AnchorMax: {x: 0.5, y: 0.5}
  m_AnchoredPosition: {x: -227, y: 0}
  m_SizeDelta: {x: 126.2, y: 55.3}
  m_Pivot: {x: 0.5, y: 0.5}
--- !u!114 &514720496
MonoBehaviour:
  m_ObjectHideFlags: 0
  m_PrefabParentObject: {fileID: 11434964, guid: a93ad697322ed6849866e5798c98d84c,
    type: 2}
  m_PrefabInternal: {fileID: 1053079133}
  m_GameObject: {fileID: 514720494}
  m_Enabled: 1
  m_EditorHideFlags: 0
  m_Script: {fileID: -765806418, guid: f5f67c52d1564df4a8936ccd202a3bd8, type: 3}
  m_Name: 
  m_EditorClassIdentifier: 
  m_Material: {fileID: 0}
  m_Color: {r: 0.15294118, g: 0.15294118, b: 0.15294118, a: 0.5372549}
  m_RaycastTarget: 1
  m_OnCullStateChanged:
    m_PersistentCalls:
      m_Calls: []
    m_TypeName: UnityEngine.UI.MaskableGraphic+CullStateChangedEvent, UnityEngine.UI,
      Version=1.0.0.0, Culture=neutral, PublicKeyToken=null
  m_Sprite: {fileID: 21300000, guid: 95440f7ecc37385488657c52ca07fcfc, type: 3}
  m_Type: 1
  m_PreserveAspect: 0
  m_FillCenter: 1
  m_FillMethod: 4
  m_FillAmount: 1
  m_FillClockwise: 1
  m_FillOrigin: 0
--- !u!222 &514720497
CanvasRenderer:
  m_ObjectHideFlags: 0
  m_PrefabParentObject: {fileID: 22234978, guid: a93ad697322ed6849866e5798c98d84c,
    type: 2}
  m_PrefabInternal: {fileID: 1053079133}
  m_GameObject: {fileID: 514720494}
--- !u!1 &545657606
GameObject:
  m_ObjectHideFlags: 0
  m_PrefabParentObject: {fileID: 135008, guid: a93ad697322ed6849866e5798c98d84c, type: 2}
  m_PrefabInternal: {fileID: 1053079133}
  serializedVersion: 4
  m_Component:
  - 224: {fileID: 545657607}
  - 222: {fileID: 545657609}
  - 114: {fileID: 545657608}
  m_Layer: 5
  m_Name: Text
  m_TagString: Untagged
  m_Icon: {fileID: 0}
  m_NavMeshLayer: 0
  m_StaticEditorFlags: 0
  m_IsActive: 1
--- !u!224 &545657607
RectTransform:
  m_ObjectHideFlags: 0
  m_PrefabParentObject: {fileID: 22435008, guid: a93ad697322ed6849866e5798c98d84c,
    type: 2}
  m_PrefabInternal: {fileID: 1053079133}
  m_GameObject: {fileID: 545657606}
  m_LocalRotation: {x: 0, y: 0, z: 0, w: 1}
  m_LocalPosition: {x: 0, y: 0, z: 0}
  m_LocalScale: {x: 1, y: 1, z: 1}
  m_LocalEulerAnglesHint: {x: 0, y: 0, z: 0}
  m_Children: []
  m_Father: {fileID: 1412740120}
  m_RootOrder: 1
  m_AnchorMin: {x: 0.5, y: 0.5}
  m_AnchorMax: {x: 0.5, y: 0.5}
  m_AnchoredPosition: {x: -32, y: 0}
  m_SizeDelta: {x: 167, y: 99}
  m_Pivot: {x: 0.5, y: 0.5}
--- !u!114 &545657608
MonoBehaviour:
  m_ObjectHideFlags: 0
  m_PrefabParentObject: {fileID: 11435002, guid: a93ad697322ed6849866e5798c98d84c,
    type: 2}
  m_PrefabInternal: {fileID: 1053079133}
  m_GameObject: {fileID: 545657606}
  m_Enabled: 1
  m_EditorHideFlags: 0
  m_Script: {fileID: 708705254, guid: f5f67c52d1564df4a8936ccd202a3bd8, type: 3}
  m_Name: 
  m_EditorClassIdentifier: 
  m_Material: {fileID: 0}
  m_Color: {r: 1, g: 1, b: 1, a: 1}
  m_RaycastTarget: 1
  m_OnCullStateChanged:
    m_PersistentCalls:
      m_Calls: []
    m_TypeName: UnityEngine.UI.MaskableGraphic+CullStateChangedEvent, UnityEngine.UI,
      Version=1.0.0.0, Culture=neutral, PublicKeyToken=null
  m_FontData:
    m_Font: {fileID: 12800000, guid: 5c425d43bb0df45ca8eb162d5154251e, type: 3}
    m_FontSize: 26
    m_FontStyle: 0
    m_BestFit: 0
    m_MinSize: 10
    m_MaxSize: 40
    m_Alignment: 3
    m_AlignByGeometry: 0
    m_RichText: 1
    m_HorizontalOverflow: 0
    m_VerticalOverflow: 0
    m_LineSpacing: 1
  m_Text: 04:30PM
--- !u!222 &545657609
CanvasRenderer:
  m_ObjectHideFlags: 0
  m_PrefabParentObject: {fileID: 22235008, guid: a93ad697322ed6849866e5798c98d84c,
    type: 2}
  m_PrefabInternal: {fileID: 1053079133}
  m_GameObject: {fileID: 545657606}
--- !u!1 &556025119
GameObject:
  m_ObjectHideFlags: 0
  m_PrefabParentObject: {fileID: 135014, guid: a93ad697322ed6849866e5798c98d84c, type: 2}
  m_PrefabInternal: {fileID: 1053079133}
  serializedVersion: 4
  m_Component:
  - 224: {fileID: 556025120}
  - 222: {fileID: 556025122}
  - 114: {fileID: 556025121}
  m_Layer: 5
  m_Name: Event_5
  m_TagString: Untagged
  m_Icon: {fileID: 0}
  m_NavMeshLayer: 0
  m_StaticEditorFlags: 0
  m_IsActive: 1
--- !u!224 &556025120
RectTransform:
  m_ObjectHideFlags: 0
  m_PrefabParentObject: {fileID: 22435014, guid: a93ad697322ed6849866e5798c98d84c,
    type: 2}
  m_PrefabInternal: {fileID: 1053079133}
  m_GameObject: {fileID: 556025119}
  m_LocalRotation: {x: 0, y: 0, z: 0, w: 1}
  m_LocalPosition: {x: 0, y: 0, z: 0}
  m_LocalScale: {x: 1, y: 1, z: 1}
  m_LocalEulerAnglesHint: {x: 0, y: 0, z: 0}
  m_Children:
  - {fileID: 1052747499}
  - {fileID: 1077817190}
  - {fileID: 828088662}
  - {fileID: 201482451}
  - {fileID: 470568567}
  m_Father: {fileID: 390649095}
  m_RootOrder: 5
  m_AnchorMin: {x: 0.5, y: 0.5}
  m_AnchorMax: {x: 0.5, y: 0.5}
  m_AnchoredPosition: {x: 0, y: -293.2498}
  m_SizeDelta: {x: 640, y: 225.5}
  m_Pivot: {x: 0.5, y: 0.5}
--- !u!114 &556025121
MonoBehaviour:
  m_ObjectHideFlags: 0
  m_PrefabParentObject: {fileID: 11435010, guid: a93ad697322ed6849866e5798c98d84c,
    type: 2}
  m_PrefabInternal: {fileID: 1053079133}
  m_GameObject: {fileID: 556025119}
  m_Enabled: 1
  m_EditorHideFlags: 0
  m_Script: {fileID: -765806418, guid: f5f67c52d1564df4a8936ccd202a3bd8, type: 3}
  m_Name: 
  m_EditorClassIdentifier: 
  m_Material: {fileID: 0}
  m_Color: {r: 0.8117647, g: 0.2901961, b: 0.28627452, a: 1}
  m_RaycastTarget: 1
  m_OnCullStateChanged:
    m_PersistentCalls:
      m_Calls: []
    m_TypeName: UnityEngine.UI.MaskableGraphic+CullStateChangedEvent, UnityEngine.UI,
      Version=1.0.0.0, Culture=neutral, PublicKeyToken=null
  m_Sprite: {fileID: 21300000, guid: 7ed1238760b863f4aafde32ab3a6f28c, type: 3}
  m_Type: 1
  m_PreserveAspect: 0
  m_FillCenter: 1
  m_FillMethod: 4
  m_FillAmount: 1
  m_FillClockwise: 1
  m_FillOrigin: 0
--- !u!222 &556025122
CanvasRenderer:
  m_ObjectHideFlags: 0
  m_PrefabParentObject: {fileID: 22235014, guid: a93ad697322ed6849866e5798c98d84c,
    type: 2}
  m_PrefabInternal: {fileID: 1053079133}
  m_GameObject: {fileID: 556025119}
--- !u!1 &564252055
GameObject:
  m_ObjectHideFlags: 0
  m_PrefabParentObject: {fileID: 134988, guid: a93ad697322ed6849866e5798c98d84c, type: 2}
  m_PrefabInternal: {fileID: 1053079133}
  serializedVersion: 4
  m_Component:
  - 224: {fileID: 564252056}
  - 222: {fileID: 564252059}
  - 114: {fileID: 564252058}
  - 114: {fileID: 564252057}
  m_Layer: 5
  m_Name: Close
  m_TagString: Untagged
  m_Icon: {fileID: 0}
  m_NavMeshLayer: 0
  m_StaticEditorFlags: 0
  m_IsActive: 1
--- !u!224 &564252056
RectTransform:
  m_ObjectHideFlags: 0
  m_PrefabParentObject: {fileID: 22424336, guid: a93ad697322ed6849866e5798c98d84c,
    type: 2}
  m_PrefabInternal: {fileID: 1053079133}
  m_GameObject: {fileID: 564252055}
  m_LocalRotation: {x: 0, y: 0, z: 0, w: 1}
  m_LocalPosition: {x: 0, y: 0, z: 0}
  m_LocalScale: {x: 1, y: 1, z: 1}
  m_LocalEulerAnglesHint: {x: 0, y: 0, z: 0}
  m_Children: []
  m_Father: {fileID: 468344487}
  m_RootOrder: 1
  m_AnchorMin: {x: 0.5, y: 0.5}
  m_AnchorMax: {x: 0.5, y: 0.5}
  m_AnchoredPosition: {x: 260.5, y: 0}
  m_SizeDelta: {x: 34, y: 34}
  m_Pivot: {x: 0.5, y: 0.5}
--- !u!114 &564252057
MonoBehaviour:
  m_ObjectHideFlags: 0
  m_PrefabParentObject: {fileID: 11420840, guid: a93ad697322ed6849866e5798c98d84c,
    type: 2}
  m_PrefabInternal: {fileID: 1053079133}
  m_GameObject: {fileID: 564252055}
  m_Enabled: 1
  m_EditorHideFlags: 0
  m_Script: {fileID: 1392445389, guid: f5f67c52d1564df4a8936ccd202a3bd8, type: 3}
  m_Name: 
  m_EditorClassIdentifier: 
  m_Navigation:
    m_Mode: 3
    m_SelectOnUp: {fileID: 0}
    m_SelectOnDown: {fileID: 0}
    m_SelectOnLeft: {fileID: 0}
    m_SelectOnRight: {fileID: 0}
  m_Transition: 1
  m_Colors:
    m_NormalColor: {r: 1, g: 1, b: 1, a: 1}
    m_HighlightedColor: {r: 0.9607843, g: 0.9607843, b: 0.9607843, a: 1}
    m_PressedColor: {r: 0.78431374, g: 0.78431374, b: 0.78431374, a: 1}
    m_DisabledColor: {r: 0.78431374, g: 0.78431374, b: 0.78431374, a: 0.5019608}
    m_ColorMultiplier: 1
    m_FadeDuration: 0.1
  m_SpriteState:
    m_HighlightedSprite: {fileID: 0}
    m_PressedSprite: {fileID: 0}
    m_DisabledSprite: {fileID: 0}
  m_AnimationTriggers:
    m_NormalTrigger: Normal
    m_HighlightedTrigger: Highlighted
    m_PressedTrigger: Pressed
    m_DisabledTrigger: Disabled
  m_Interactable: 1
  m_TargetGraphic: {fileID: 564252058}
  m_OnClick:
    m_PersistentCalls:
      m_Calls: []
    m_TypeName: UnityEngine.UI.Button+ButtonClickedEvent, UnityEngine.UI, Version=1.0.0.0,
      Culture=neutral, PublicKeyToken=null
--- !u!114 &564252058
MonoBehaviour:
  m_ObjectHideFlags: 0
  m_PrefabParentObject: {fileID: 11416584, guid: a93ad697322ed6849866e5798c98d84c,
    type: 2}
  m_PrefabInternal: {fileID: 1053079133}
  m_GameObject: {fileID: 564252055}
  m_Enabled: 1
  m_EditorHideFlags: 0
  m_Script: {fileID: -765806418, guid: f5f67c52d1564df4a8936ccd202a3bd8, type: 3}
  m_Name: 
  m_EditorClassIdentifier: 
  m_Material: {fileID: 0}
  m_Color: {r: 0.50735295, g: 0.50735295, b: 0.50735295, a: 1}
  m_RaycastTarget: 1
  m_OnCullStateChanged:
    m_PersistentCalls:
      m_Calls: []
    m_TypeName: UnityEngine.UI.MaskableGraphic+CullStateChangedEvent, UnityEngine.UI,
      Version=1.0.0.0, Culture=neutral, PublicKeyToken=null
  m_Sprite: {fileID: 21300000, guid: 7cba2a82fbf024291a64f6b5c80942e8, type: 3}
  m_Type: 0
  m_PreserveAspect: 0
  m_FillCenter: 1
  m_FillMethod: 4
  m_FillAmount: 1
  m_FillClockwise: 1
  m_FillOrigin: 0
--- !u!222 &564252059
CanvasRenderer:
  m_ObjectHideFlags: 0
  m_PrefabParentObject: {fileID: 22246176, guid: a93ad697322ed6849866e5798c98d84c,
    type: 2}
  m_PrefabInternal: {fileID: 1053079133}
  m_GameObject: {fileID: 564252055}
--- !u!1 &612801547
GameObject:
  m_ObjectHideFlags: 0
  m_PrefabParentObject: {fileID: 134966, guid: a93ad697322ed6849866e5798c98d84c, type: 2}
  m_PrefabInternal: {fileID: 1053079133}
  serializedVersion: 4
  m_Component:
  - 224: {fileID: 612801548}
  - 222: {fileID: 612801550}
  - 114: {fileID: 612801549}
  m_Layer: 5
  m_Name: Text
  m_TagString: Untagged
  m_Icon: {fileID: 0}
  m_NavMeshLayer: 0
  m_StaticEditorFlags: 0
  m_IsActive: 1
--- !u!224 &612801548
RectTransform:
  m_ObjectHideFlags: 0
  m_PrefabParentObject: {fileID: 22434966, guid: a93ad697322ed6849866e5798c98d84c,
    type: 2}
  m_PrefabInternal: {fileID: 1053079133}
  m_GameObject: {fileID: 612801547}
  m_LocalRotation: {x: 0, y: 0, z: 0, w: 1}
  m_LocalPosition: {x: 0, y: 0, z: 0}
  m_LocalScale: {x: 1, y: 1, z: 1}
  m_LocalEulerAnglesHint: {x: 0, y: 0, z: 0}
  m_Children: []
  m_Father: {fileID: 1897264097}
  m_RootOrder: 2
  m_AnchorMin: {x: 0.5, y: 0.5}
  m_AnchorMax: {x: 0.5, y: 0.5}
  m_AnchoredPosition: {x: -196, y: 0}
  m_SizeDelta: {x: 167, y: 99}
  m_Pivot: {x: 0.5, y: 0.5}
--- !u!114 &612801549
MonoBehaviour:
  m_ObjectHideFlags: 0
  m_PrefabParentObject: {fileID: 11434950, guid: a93ad697322ed6849866e5798c98d84c,
    type: 2}
  m_PrefabInternal: {fileID: 1053079133}
  m_GameObject: {fileID: 612801547}
  m_Enabled: 1
  m_EditorHideFlags: 0
  m_Script: {fileID: 708705254, guid: f5f67c52d1564df4a8936ccd202a3bd8, type: 3}
  m_Name: 
  m_EditorClassIdentifier: 
  m_Material: {fileID: 0}
  m_Color: {r: 1, g: 1, b: 1, a: 1}
  m_RaycastTarget: 1
  m_OnCullStateChanged:
    m_PersistentCalls:
      m_Calls: []
    m_TypeName: UnityEngine.UI.MaskableGraphic+CullStateChangedEvent, UnityEngine.UI,
      Version=1.0.0.0, Culture=neutral, PublicKeyToken=null
  m_FontData:
    m_Font: {fileID: 12800000, guid: 5c425d43bb0df45ca8eb162d5154251e, type: 3}
    m_FontSize: 26
    m_FontStyle: 0
    m_BestFit: 0
    m_MinSize: 10
    m_MaxSize: 40
    m_Alignment: 3
    m_AlignByGeometry: 0
    m_RichText: 1
    m_HorizontalOverflow: 0
    m_VerticalOverflow: 0
    m_LineSpacing: 1
  m_Text: 04:30PM
--- !u!222 &612801550
CanvasRenderer:
  m_ObjectHideFlags: 0
  m_PrefabParentObject: {fileID: 22234966, guid: a93ad697322ed6849866e5798c98d84c,
    type: 2}
  m_PrefabInternal: {fileID: 1053079133}
  m_GameObject: {fileID: 612801547}
--- !u!1 &797994057
GameObject:
  m_ObjectHideFlags: 0
  m_PrefabParentObject: {fileID: 134972, guid: a93ad697322ed6849866e5798c98d84c, type: 2}
  m_PrefabInternal: {fileID: 1053079133}
  serializedVersion: 4
  m_Component:
  - 224: {fileID: 797994058}
  - 222: {fileID: 797994060}
  - 114: {fileID: 797994059}
  m_Layer: 5
  m_Name: Text
  m_TagString: Untagged
  m_Icon: {fileID: 0}
  m_NavMeshLayer: 0
  m_StaticEditorFlags: 0
  m_IsActive: 1
--- !u!224 &797994058
RectTransform:
  m_ObjectHideFlags: 0
  m_PrefabParentObject: {fileID: 22434972, guid: a93ad697322ed6849866e5798c98d84c,
    type: 2}
  m_PrefabInternal: {fileID: 1053079133}
  m_GameObject: {fileID: 797994057}
  m_LocalRotation: {x: 0, y: 0, z: 0, w: 1}
  m_LocalPosition: {x: 0, y: 0, z: 0}
  m_LocalScale: {x: 1, y: 1, z: 1}
  m_LocalEulerAnglesHint: {x: 0, y: 0, z: 0}
  m_Children: []
  m_Father: {fileID: 468344487}
  m_RootOrder: 2
  m_AnchorMin: {x: 0.5, y: 0.5}
  m_AnchorMax: {x: 0.5, y: 0.5}
  m_AnchoredPosition: {x: 45, y: 0}
  m_SizeDelta: {x: 256, y: 99}
  m_Pivot: {x: 0.5, y: 0.5}
--- !u!114 &797994059
MonoBehaviour:
  m_ObjectHideFlags: 0
  m_PrefabParentObject: {fileID: 11434956, guid: a93ad697322ed6849866e5798c98d84c,
    type: 2}
  m_PrefabInternal: {fileID: 1053079133}
  m_GameObject: {fileID: 797994057}
  m_Enabled: 1
  m_EditorHideFlags: 0
  m_Script: {fileID: 708705254, guid: f5f67c52d1564df4a8936ccd202a3bd8, type: 3}
  m_Name: 
  m_EditorClassIdentifier: 
  m_Material: {fileID: 0}
  m_Color: {r: 0.33823532, g: 0.33823532, b: 0.33823532, a: 1}
  m_RaycastTarget: 1
  m_OnCullStateChanged:
    m_PersistentCalls:
      m_Calls: []
    m_TypeName: UnityEngine.UI.MaskableGraphic+CullStateChangedEvent, UnityEngine.UI,
      Version=1.0.0.0, Culture=neutral, PublicKeyToken=null
  m_FontData:
    m_Font: {fileID: 12800000, guid: bd1ea67ca2b5742d1a24fcbdc17c55e1, type: 3}
    m_FontSize: 26
    m_FontStyle: 0
    m_BestFit: 0
    m_MinSize: 10
    m_MaxSize: 40
    m_Alignment: 3
    m_AlignByGeometry: 0
    m_RichText: 1
    m_HorizontalOverflow: 0
    m_VerticalOverflow: 0
    m_LineSpacing: 1
  m_Text: Half Marathon Run
--- !u!222 &797994060
CanvasRenderer:
  m_ObjectHideFlags: 0
  m_PrefabParentObject: {fileID: 22234972, guid: a93ad697322ed6849866e5798c98d84c,
    type: 2}
  m_PrefabInternal: {fileID: 1053079133}
  m_GameObject: {fileID: 797994057}
--- !u!1 &807673843
GameObject:
  m_ObjectHideFlags: 0
  m_PrefabParentObject: {fileID: 134992, guid: a93ad697322ed6849866e5798c98d84c, type: 2}
  m_PrefabInternal: {fileID: 1053079133}
  serializedVersion: 4
  m_Component:
  - 224: {fileID: 807673844}
  - 222: {fileID: 807673846}
  - 114: {fileID: 807673845}
  m_Layer: 5
  m_Name: Text
  m_TagString: Untagged
  m_Icon: {fileID: 0}
  m_NavMeshLayer: 0
  m_StaticEditorFlags: 0
  m_IsActive: 1
--- !u!224 &807673844
RectTransform:
  m_ObjectHideFlags: 0
  m_PrefabParentObject: {fileID: 22434992, guid: a93ad697322ed6849866e5798c98d84c,
    type: 2}
  m_PrefabInternal: {fileID: 1053079133}
  m_GameObject: {fileID: 807673843}
  m_LocalRotation: {x: 0, y: 0, z: 0, w: 1}
  m_LocalPosition: {x: 0, y: 0, z: 0}
  m_LocalScale: {x: 1, y: 1, z: 1}
  m_LocalEulerAnglesHint: {x: 0, y: 0, z: 0}
  m_Children: []
  m_Father: {fileID: 1897264097}
  m_RootOrder: 1
  m_AnchorMin: {x: 0.5, y: 0.5}
  m_AnchorMax: {x: 0.5, y: 0.5}
  m_AnchoredPosition: {x: 0, y: 0}
  m_SizeDelta: {x: 167, y: 99}
  m_Pivot: {x: 0.5, y: 0.5}
--- !u!114 &807673845
MonoBehaviour:
  m_ObjectHideFlags: 0
  m_PrefabParentObject: {fileID: 11434982, guid: a93ad697322ed6849866e5798c98d84c,
    type: 2}
  m_PrefabInternal: {fileID: 1053079133}
  m_GameObject: {fileID: 807673843}
  m_Enabled: 1
  m_EditorHideFlags: 0
  m_Script: {fileID: 708705254, guid: f5f67c52d1564df4a8936ccd202a3bd8, type: 3}
  m_Name: 
  m_EditorClassIdentifier: 
  m_Material: {fileID: 0}
  m_Color: {r: 1, g: 1, b: 1, a: 1}
  m_RaycastTarget: 1
  m_OnCullStateChanged:
    m_PersistentCalls:
      m_Calls: []
    m_TypeName: UnityEngine.UI.MaskableGraphic+CullStateChangedEvent, UnityEngine.UI,
      Version=1.0.0.0, Culture=neutral, PublicKeyToken=null
  m_FontData:
    m_Font: {fileID: 12800000, guid: 218956a5c2a6e42d6a60afccf80b002b, type: 3}
    m_FontSize: 26
    m_FontStyle: 0
    m_BestFit: 0
    m_MinSize: 10
    m_MaxSize: 40
    m_Alignment: 4
    m_AlignByGeometry: 0
    m_RichText: 1
    m_HorizontalOverflow: 0
    m_VerticalOverflow: 0
    m_LineSpacing: 1
  m_Text: Los Angeles
--- !u!222 &807673846
CanvasRenderer:
  m_ObjectHideFlags: 0
  m_PrefabParentObject: {fileID: 22234992, guid: a93ad697322ed6849866e5798c98d84c,
    type: 2}
  m_PrefabInternal: {fileID: 1053079133}
  m_GameObject: {fileID: 807673843}
--- !u!1 &828088661
GameObject:
  m_ObjectHideFlags: 0
  m_PrefabParentObject: {fileID: 135028, guid: a93ad697322ed6849866e5798c98d84c, type: 2}
  m_PrefabInternal: {fileID: 1053079133}
  serializedVersion: 4
  m_Component:
  - 224: {fileID: 828088662}
  - 222: {fileID: 828088664}
  - 114: {fileID: 828088663}
  m_Layer: 5
  m_Name: Text
  m_TagString: Untagged
  m_Icon: {fileID: 0}
  m_NavMeshLayer: 0
  m_StaticEditorFlags: 0
  m_IsActive: 1
--- !u!224 &828088662
RectTransform:
  m_ObjectHideFlags: 0
  m_PrefabParentObject: {fileID: 22435028, guid: a93ad697322ed6849866e5798c98d84c,
    type: 2}
  m_PrefabInternal: {fileID: 1053079133}
  m_GameObject: {fileID: 828088661}
  m_LocalRotation: {x: 0, y: 0, z: 0, w: 1}
  m_LocalPosition: {x: 0, y: 0, z: 0}
  m_LocalScale: {x: 1, y: 1, z: 1}
  m_LocalEulerAnglesHint: {x: 0, y: 0, z: 0}
  m_Children: []
  m_Father: {fileID: 556025120}
  m_RootOrder: 2
  m_AnchorMin: {x: 0.5, y: 0.5}
  m_AnchorMax: {x: 0.5, y: 0.5}
  m_AnchoredPosition: {x: -196, y: 0}
  m_SizeDelta: {x: 167, y: 99}
  m_Pivot: {x: 0.5, y: 0.5}
--- !u!114 &828088663
MonoBehaviour:
  m_ObjectHideFlags: 0
  m_PrefabParentObject: {fileID: 11435026, guid: a93ad697322ed6849866e5798c98d84c,
    type: 2}
  m_PrefabInternal: {fileID: 1053079133}
  m_GameObject: {fileID: 828088661}
  m_Enabled: 1
  m_EditorHideFlags: 0
  m_Script: {fileID: 708705254, guid: f5f67c52d1564df4a8936ccd202a3bd8, type: 3}
  m_Name: 
  m_EditorClassIdentifier: 
  m_Material: {fileID: 0}
  m_Color: {r: 1, g: 1, b: 1, a: 1}
  m_RaycastTarget: 1
  m_OnCullStateChanged:
    m_PersistentCalls:
      m_Calls: []
    m_TypeName: UnityEngine.UI.MaskableGraphic+CullStateChangedEvent, UnityEngine.UI,
      Version=1.0.0.0, Culture=neutral, PublicKeyToken=null
  m_FontData:
    m_Font: {fileID: 12800000, guid: 5c425d43bb0df45ca8eb162d5154251e, type: 3}
    m_FontSize: 26
    m_FontStyle: 0
    m_BestFit: 0
    m_MinSize: 10
    m_MaxSize: 40
    m_Alignment: 3
    m_AlignByGeometry: 0
    m_RichText: 1
    m_HorizontalOverflow: 0
    m_VerticalOverflow: 0
    m_LineSpacing: 1
  m_Text: 04:30PM
--- !u!222 &828088664
CanvasRenderer:
  m_ObjectHideFlags: 0
  m_PrefabParentObject: {fileID: 22235028, guid: a93ad697322ed6849866e5798c98d84c,
    type: 2}
  m_PrefabInternal: {fileID: 1053079133}
  m_GameObject: {fileID: 828088661}
--- !u!1 &872492211
GameObject:
  m_ObjectHideFlags: 0
  m_PrefabParentObject: {fileID: 134980, guid: a93ad697322ed6849866e5798c98d84c, type: 2}
  m_PrefabInternal: {fileID: 1053079133}
  serializedVersion: 4
  m_Component:
  - 224: {fileID: 872492212}
  - 222: {fileID: 872492214}
  - 114: {fileID: 872492213}
  m_Layer: 5
  m_Name: Text
  m_TagString: Untagged
  m_Icon: {fileID: 0}
  m_NavMeshLayer: 0
  m_StaticEditorFlags: 0
  m_IsActive: 1
--- !u!224 &872492212
RectTransform:
  m_ObjectHideFlags: 0
  m_PrefabParentObject: {fileID: 22434980, guid: a93ad697322ed6849866e5798c98d84c,
    type: 2}
  m_PrefabInternal: {fileID: 1053079133}
  m_GameObject: {fileID: 872492211}
  m_LocalRotation: {x: 0, y: 0, z: 0, w: 1}
  m_LocalPosition: {x: 0, y: 0, z: 0}
  m_LocalScale: {x: 1, y: 1, z: 1}
  m_LocalEulerAnglesHint: {x: 0, y: 0, z: 0}
  m_Children: []
  m_Father: {fileID: 1412740120}
  m_RootOrder: 0
  m_AnchorMin: {x: 0.5, y: 0.5}
  m_AnchorMax: {x: 0.5, y: 0.5}
  m_AnchoredPosition: {x: 144, y: 0}
  m_SizeDelta: {x: 167, y: 99}
  m_Pivot: {x: 0.5, y: 0.5}
--- !u!114 &872492213
MonoBehaviour:
  m_ObjectHideFlags: 0
  m_PrefabParentObject: {fileID: 11434966, guid: a93ad697322ed6849866e5798c98d84c,
    type: 2}
  m_PrefabInternal: {fileID: 1053079133}
  m_GameObject: {fileID: 872492211}
  m_Enabled: 1
  m_EditorHideFlags: 0
  m_Script: {fileID: 708705254, guid: f5f67c52d1564df4a8936ccd202a3bd8, type: 3}
  m_Name: 
  m_EditorClassIdentifier: 
  m_Material: {fileID: 0}
  m_Color: {r: 1, g: 1, b: 1, a: 1}
  m_RaycastTarget: 1
  m_OnCullStateChanged:
    m_PersistentCalls:
      m_Calls: []
    m_TypeName: UnityEngine.UI.MaskableGraphic+CullStateChangedEvent, UnityEngine.UI,
      Version=1.0.0.0, Culture=neutral, PublicKeyToken=null
  m_FontData:
    m_Font: {fileID: 12800000, guid: 218956a5c2a6e42d6a60afccf80b002b, type: 3}
    m_FontSize: 26
    m_FontStyle: 0
    m_BestFit: 0
    m_MinSize: 10
    m_MaxSize: 40
    m_Alignment: 4
    m_AlignByGeometry: 0
    m_RichText: 1
    m_HorizontalOverflow: 0
    m_VerticalOverflow: 0
    m_LineSpacing: 1
  m_Text: FRIDAY
--- !u!222 &872492214
CanvasRenderer:
  m_ObjectHideFlags: 0
  m_PrefabParentObject: {fileID: 22234980, guid: a93ad697322ed6849866e5798c98d84c,
    type: 2}
  m_PrefabInternal: {fileID: 1053079133}
  m_GameObject: {fileID: 872492211}
--- !u!1 &902476783
GameObject:
  m_ObjectHideFlags: 0
  m_PrefabParentObject: {fileID: 135016, guid: a93ad697322ed6849866e5798c98d84c, type: 2}
  m_PrefabInternal: {fileID: 1053079133}
  serializedVersion: 4
  m_Component:
  - 224: {fileID: 902476784}
  - 222: {fileID: 902476787}
  - 114: {fileID: 902476786}
  - 114: {fileID: 902476785}
  m_Layer: 5
  m_Name: Accept
  m_TagString: Untagged
  m_Icon: {fileID: 0}
  m_NavMeshLayer: 0
  m_StaticEditorFlags: 0
  m_IsActive: 1
--- !u!224 &902476784
RectTransform:
  m_ObjectHideFlags: 0
  m_PrefabParentObject: {fileID: 22435016, guid: a93ad697322ed6849866e5798c98d84c,
    type: 2}
  m_PrefabInternal: {fileID: 1053079133}
  m_GameObject: {fileID: 902476783}
  m_LocalRotation: {x: 0, y: 0, z: 0, w: 1}
  m_LocalPosition: {x: 0, y: 0, z: 0}
  m_LocalScale: {x: 1, y: 1, z: 1}
  m_LocalEulerAnglesHint: {x: 0, y: 0, z: 0}
  m_Children: []
  m_Father: {fileID: 1899444456}
  m_RootOrder: 0
  m_AnchorMin: {x: 0.5, y: 0.5}
  m_AnchorMax: {x: 0.5, y: 0.5}
  m_AnchoredPosition: {x: 0, y: 0}
  m_SizeDelta: {x: 47, y: 35}
  m_Pivot: {x: 0.5, y: 0.5}
--- !u!114 &902476785
MonoBehaviour:
  m_ObjectHideFlags: 0
  m_PrefabParentObject: {fileID: 11435014, guid: a93ad697322ed6849866e5798c98d84c,
    type: 2}
  m_PrefabInternal: {fileID: 1053079133}
  m_GameObject: {fileID: 902476783}
  m_Enabled: 1
  m_EditorHideFlags: 0
  m_Script: {fileID: 1392445389, guid: f5f67c52d1564df4a8936ccd202a3bd8, type: 3}
  m_Name: 
  m_EditorClassIdentifier: 
  m_Navigation:
    m_Mode: 3
    m_SelectOnUp: {fileID: 0}
    m_SelectOnDown: {fileID: 0}
    m_SelectOnLeft: {fileID: 0}
    m_SelectOnRight: {fileID: 0}
  m_Transition: 1
  m_Colors:
    m_NormalColor: {r: 1, g: 1, b: 1, a: 1}
    m_HighlightedColor: {r: 0.9607843, g: 0.9607843, b: 0.9607843, a: 1}
    m_PressedColor: {r: 0.78431374, g: 0.78431374, b: 0.78431374, a: 1}
    m_DisabledColor: {r: 0.78431374, g: 0.78431374, b: 0.78431374, a: 0.5019608}
    m_ColorMultiplier: 1
    m_FadeDuration: 0.1
  m_SpriteState:
    m_HighlightedSprite: {fileID: 0}
    m_PressedSprite: {fileID: 0}
    m_DisabledSprite: {fileID: 0}
  m_AnimationTriggers:
    m_NormalTrigger: Normal
    m_HighlightedTrigger: Highlighted
    m_PressedTrigger: Pressed
    m_DisabledTrigger: Disabled
  m_Interactable: 1
  m_TargetGraphic: {fileID: 902476786}
  m_OnClick:
    m_PersistentCalls:
      m_Calls: []
    m_TypeName: UnityEngine.UI.Button+ButtonClickedEvent, UnityEngine.UI, Version=1.0.0.0,
      Culture=neutral, PublicKeyToken=null
--- !u!114 &902476786
MonoBehaviour:
  m_ObjectHideFlags: 0
  m_PrefabParentObject: {fileID: 11435012, guid: a93ad697322ed6849866e5798c98d84c,
    type: 2}
  m_PrefabInternal: {fileID: 1053079133}
  m_GameObject: {fileID: 902476783}
  m_Enabled: 1
  m_EditorHideFlags: 0
  m_Script: {fileID: -765806418, guid: f5f67c52d1564df4a8936ccd202a3bd8, type: 3}
  m_Name: 
  m_EditorClassIdentifier: 
  m_Material: {fileID: 0}
  m_Color: {r: 1, g: 1, b: 1, a: 1}
  m_RaycastTarget: 1
  m_OnCullStateChanged:
    m_PersistentCalls:
      m_Calls: []
    m_TypeName: UnityEngine.UI.MaskableGraphic+CullStateChangedEvent, UnityEngine.UI,
      Version=1.0.0.0, Culture=neutral, PublicKeyToken=null
  m_Sprite: {fileID: 21300000, guid: 818b20f2b2dc64dcc93b022b98f49b91, type: 3}
  m_Type: 0
  m_PreserveAspect: 0
  m_FillCenter: 1
  m_FillMethod: 4
  m_FillAmount: 1
  m_FillClockwise: 1
  m_FillOrigin: 0
--- !u!222 &902476787
CanvasRenderer:
  m_ObjectHideFlags: 0
  m_PrefabParentObject: {fileID: 22235016, guid: a93ad697322ed6849866e5798c98d84c,
    type: 2}
  m_PrefabInternal: {fileID: 1053079133}
  m_GameObject: {fileID: 902476783}
--- !u!1 &926190518
GameObject:
  m_ObjectHideFlags: 0
  m_PrefabParentObject: {fileID: 134976, guid: a93ad697322ed6849866e5798c98d84c, type: 2}
  m_PrefabInternal: {fileID: 1053079133}
  serializedVersion: 4
  m_Component:
  - 224: {fileID: 926190519}
  - 222: {fileID: 926190522}
  - 114: {fileID: 926190521}
  - 114: {fileID: 926190520}
  m_Layer: 5
  m_Name: Close
  m_TagString: Untagged
  m_Icon: {fileID: 0}
  m_NavMeshLayer: 0
  m_StaticEditorFlags: 0
  m_IsActive: 1
--- !u!224 &926190519
RectTransform:
  m_ObjectHideFlags: 0
  m_PrefabParentObject: {fileID: 22434976, guid: a93ad697322ed6849866e5798c98d84c,
    type: 2}
  m_PrefabInternal: {fileID: 1053079133}
  m_GameObject: {fileID: 926190518}
  m_LocalRotation: {x: 0.000000123022, y: -0.000000050957386, z: 0.3826835, w: 0.92387956}
  m_LocalPosition: {x: 0, y: 0, z: 0}
  m_LocalScale: {x: 0.99999994, y: 1, z: 1}
  m_LocalEulerAnglesHint: {x: 0, y: 0, z: 0}
  m_Children: []
  m_Father: {fileID: 223630263}
  m_RootOrder: 3
  m_AnchorMin: {x: 0.5, y: 0.5}
  m_AnchorMax: {x: 0.5, y: 0.5}
  m_AnchoredPosition: {x: 260.5, y: 0}
  m_SizeDelta: {x: 35, y: 35}
  m_Pivot: {x: 0.5, y: 0.5}
--- !u!114 &926190520
MonoBehaviour:
  m_ObjectHideFlags: 0
  m_PrefabParentObject: {fileID: 11434962, guid: a93ad697322ed6849866e5798c98d84c,
    type: 2}
  m_PrefabInternal: {fileID: 1053079133}
  m_GameObject: {fileID: 926190518}
  m_Enabled: 1
  m_EditorHideFlags: 0
  m_Script: {fileID: 1392445389, guid: f5f67c52d1564df4a8936ccd202a3bd8, type: 3}
  m_Name: 
  m_EditorClassIdentifier: 
  m_Navigation:
    m_Mode: 3
    m_SelectOnUp: {fileID: 0}
    m_SelectOnDown: {fileID: 0}
    m_SelectOnLeft: {fileID: 0}
    m_SelectOnRight: {fileID: 0}
  m_Transition: 1
  m_Colors:
    m_NormalColor: {r: 1, g: 1, b: 1, a: 1}
    m_HighlightedColor: {r: 0.9607843, g: 0.9607843, b: 0.9607843, a: 1}
    m_PressedColor: {r: 0.78431374, g: 0.78431374, b: 0.78431374, a: 1}
    m_DisabledColor: {r: 0.78431374, g: 0.78431374, b: 0.78431374, a: 0.5019608}
    m_ColorMultiplier: 1
    m_FadeDuration: 0.1
  m_SpriteState:
    m_HighlightedSprite: {fileID: 0}
    m_PressedSprite: {fileID: 0}
    m_DisabledSprite: {fileID: 0}
  m_AnimationTriggers:
    m_NormalTrigger: Normal
    m_HighlightedTrigger: Highlighted
    m_PressedTrigger: Pressed
    m_DisabledTrigger: Disabled
  m_Interactable: 1
  m_TargetGraphic: {fileID: 926190521}
  m_OnClick:
    m_PersistentCalls:
      m_Calls: []
    m_TypeName: UnityEngine.UI.Button+ButtonClickedEvent, UnityEngine.UI, Version=1.0.0.0,
      Culture=neutral, PublicKeyToken=null
--- !u!114 &926190521
MonoBehaviour:
  m_ObjectHideFlags: 0
  m_PrefabParentObject: {fileID: 11434960, guid: a93ad697322ed6849866e5798c98d84c,
    type: 2}
  m_PrefabInternal: {fileID: 1053079133}
  m_GameObject: {fileID: 926190518}
  m_Enabled: 1
  m_EditorHideFlags: 0
  m_Script: {fileID: -765806418, guid: f5f67c52d1564df4a8936ccd202a3bd8, type: 3}
  m_Name: 
  m_EditorClassIdentifier: 
  m_Material: {fileID: 0}
  m_Color: {r: 0.50735295, g: 0.50735295, b: 0.50735295, a: 1}
  m_RaycastTarget: 1
  m_OnCullStateChanged:
    m_PersistentCalls:
      m_Calls: []
    m_TypeName: UnityEngine.UI.MaskableGraphic+CullStateChangedEvent, UnityEngine.UI,
      Version=1.0.0.0, Culture=neutral, PublicKeyToken=null
  m_Sprite: {fileID: 21300000, guid: 7cba2a82fbf024291a64f6b5c80942e8, type: 3}
  m_Type: 0
  m_PreserveAspect: 0
  m_FillCenter: 1
  m_FillMethod: 4
  m_FillAmount: 1
  m_FillClockwise: 1
  m_FillOrigin: 0
--- !u!222 &926190522
CanvasRenderer:
  m_ObjectHideFlags: 0
  m_PrefabParentObject: {fileID: 22234976, guid: a93ad697322ed6849866e5798c98d84c,
    type: 2}
  m_PrefabInternal: {fileID: 1053079133}
  m_GameObject: {fileID: 926190518}
--- !u!1 &964587938
GameObject:
  m_ObjectHideFlags: 0
  m_PrefabParentObject: {fileID: 134974, guid: a93ad697322ed6849866e5798c98d84c, type: 2}
  m_PrefabInternal: {fileID: 1053079133}
  serializedVersion: 4
  m_Component:
  - 224: {fileID: 964587939}
  - 222: {fileID: 964587941}
  - 114: {fileID: 964587940}
  m_Layer: 5
  m_Name: Text
  m_TagString: Untagged
  m_Icon: {fileID: 0}
  m_NavMeshLayer: 0
  m_StaticEditorFlags: 0
  m_IsActive: 1
--- !u!224 &964587939
RectTransform:
  m_ObjectHideFlags: 0
  m_PrefabParentObject: {fileID: 22434974, guid: a93ad697322ed6849866e5798c98d84c,
    type: 2}
  m_PrefabInternal: {fileID: 1053079133}
  m_GameObject: {fileID: 964587938}
  m_LocalRotation: {x: 0, y: 0, z: 0, w: 1}
  m_LocalPosition: {x: 0, y: 0, z: 0}
  m_LocalScale: {x: 1, y: 1, z: 1}
  m_LocalEulerAnglesHint: {x: 0, y: 0, z: 0}
  m_Children: []
  m_Father: {fileID: 468344487}
  m_RootOrder: 3
  m_AnchorMin: {x: 0.5, y: 0.5}
  m_AnchorMax: {x: 0.5, y: 0.5}
  m_AnchoredPosition: {x: -196, y: 0}
  m_SizeDelta: {x: 167, y: 99}
  m_Pivot: {x: 0.5, y: 0.5}
--- !u!114 &964587940
MonoBehaviour:
  m_ObjectHideFlags: 0
  m_PrefabParentObject: {fileID: 11434958, guid: a93ad697322ed6849866e5798c98d84c,
    type: 2}
  m_PrefabInternal: {fileID: 1053079133}
  m_GameObject: {fileID: 964587938}
  m_Enabled: 1
  m_EditorHideFlags: 0
  m_Script: {fileID: 708705254, guid: f5f67c52d1564df4a8936ccd202a3bd8, type: 3}
  m_Name: 
  m_EditorClassIdentifier: 
  m_Material: {fileID: 0}
  m_Color: {r: 0.27058825, g: 0.27058825, b: 0.27058825, a: 1}
  m_RaycastTarget: 1
  m_OnCullStateChanged:
    m_PersistentCalls:
      m_Calls: []
    m_TypeName: UnityEngine.UI.MaskableGraphic+CullStateChangedEvent, UnityEngine.UI,
      Version=1.0.0.0, Culture=neutral, PublicKeyToken=null
  m_FontData:
    m_Font: {fileID: 12800000, guid: 5c425d43bb0df45ca8eb162d5154251e, type: 3}
    m_FontSize: 26
    m_FontStyle: 0
    m_BestFit: 0
    m_MinSize: 10
    m_MaxSize: 40
    m_Alignment: 3
    m_AlignByGeometry: 0
    m_RichText: 1
    m_HorizontalOverflow: 0
    m_VerticalOverflow: 0
    m_LineSpacing: 1
  m_Text: 04:30AM
--- !u!222 &964587941
CanvasRenderer:
  m_ObjectHideFlags: 0
  m_PrefabParentObject: {fileID: 22234974, guid: a93ad697322ed6849866e5798c98d84c,
    type: 2}
  m_PrefabInternal: {fileID: 1053079133}
  m_GameObject: {fileID: 964587938}
--- !u!1 &1009358177
GameObject:
  m_ObjectHideFlags: 0
  m_PrefabParentObject: {fileID: 135010, guid: a93ad697322ed6849866e5798c98d84c, type: 2}
  m_PrefabInternal: {fileID: 1053079133}
  serializedVersion: 4
  m_Component:
  - 224: {fileID: 1009358178}
  - 222: {fileID: 1009358180}
  - 114: {fileID: 1009358179}
  m_Layer: 5
  m_Name: Event_4
  m_TagString: Untagged
  m_Icon: {fileID: 0}
  m_NavMeshLayer: 0
  m_StaticEditorFlags: 0
  m_IsActive: 1
--- !u!224 &1009358178
RectTransform:
  m_ObjectHideFlags: 0
  m_PrefabParentObject: {fileID: 22435010, guid: a93ad697322ed6849866e5798c98d84c,
    type: 2}
  m_PrefabInternal: {fileID: 1053079133}
  m_GameObject: {fileID: 1009358177}
  m_LocalRotation: {x: 0, y: 0, z: 0, w: 1}
  m_LocalPosition: {x: 0, y: 0, z: 0}
  m_LocalScale: {x: 1, y: 1, z: 1}
  m_LocalEulerAnglesHint: {x: 0, y: 0, z: 0}
  m_Children:
  - {fileID: 1059468072}
  - {fileID: 2095927975}
  - {fileID: 1293490536}
  m_Father: {fileID: 390649095}
  m_RootOrder: 4
  m_AnchorMin: {x: 0.5, y: 0.5}
  m_AnchorMax: {x: 0.5, y: 0.5}
  m_AnchoredPosition: {x: 0, y: -67.75}
  m_SizeDelta: {x: 640, y: 225.5}
  m_Pivot: {x: 0.5, y: 0.5}
--- !u!114 &1009358179
MonoBehaviour:
  m_ObjectHideFlags: 0
  m_PrefabParentObject: {fileID: 11435004, guid: a93ad697322ed6849866e5798c98d84c,
    type: 2}
  m_PrefabInternal: {fileID: 1053079133}
  m_GameObject: {fileID: 1009358177}
  m_Enabled: 1
  m_EditorHideFlags: 0
  m_Script: {fileID: -765806418, guid: f5f67c52d1564df4a8936ccd202a3bd8, type: 3}
  m_Name: 
  m_EditorClassIdentifier: 
  m_Material: {fileID: 0}
  m_Color: {r: 0.8117647, g: 0.2901961, b: 0.28627452, a: 1}
  m_RaycastTarget: 1
  m_OnCullStateChanged:
    m_PersistentCalls:
      m_Calls: []
    m_TypeName: UnityEngine.UI.MaskableGraphic+CullStateChangedEvent, UnityEngine.UI,
      Version=1.0.0.0, Culture=neutral, PublicKeyToken=null
  m_Sprite: {fileID: 21300000, guid: 7ed1238760b863f4aafde32ab3a6f28c, type: 3}
  m_Type: 1
  m_PreserveAspect: 0
  m_FillCenter: 1
  m_FillMethod: 4
  m_FillAmount: 1
  m_FillClockwise: 1
  m_FillOrigin: 0
--- !u!222 &1009358180
CanvasRenderer:
  m_ObjectHideFlags: 0
  m_PrefabParentObject: {fileID: 22235010, guid: a93ad697322ed6849866e5798c98d84c,
    type: 2}
  m_PrefabInternal: {fileID: 1053079133}
  m_GameObject: {fileID: 1009358177}
--- !u!1 &1052747498
GameObject:
  m_ObjectHideFlags: 0
  m_PrefabParentObject: {fileID: 134990, guid: a93ad697322ed6849866e5798c98d84c, type: 2}
  m_PrefabInternal: {fileID: 1053079133}
  serializedVersion: 4
  m_Component:
  - 224: {fileID: 1052747499}
  - 222: {fileID: 1052747502}
  - 114: {fileID: 1052747501}
  - 114: {fileID: 1052747500}
  m_Layer: 5
  m_Name: Dot
  m_TagString: Untagged
  m_Icon: {fileID: 0}
  m_NavMeshLayer: 0
  m_StaticEditorFlags: 0
  m_IsActive: 1
--- !u!224 &1052747499
RectTransform:
  m_ObjectHideFlags: 0
  m_PrefabParentObject: {fileID: 22434990, guid: a93ad697322ed6849866e5798c98d84c,
    type: 2}
  m_PrefabInternal: {fileID: 1053079133}
  m_GameObject: {fileID: 1052747498}
  m_LocalRotation: {x: 0, y: 0, z: 0, w: 1}
  m_LocalPosition: {x: 0, y: 0, z: 0}
  m_LocalScale: {x: 1, y: 1, z: 1}
  m_LocalEulerAnglesHint: {x: 0, y: 0, z: 0}
  m_Children: []
  m_Father: {fileID: 556025120}
  m_RootOrder: 0
  m_AnchorMin: {x: 0.5, y: 0.5}
  m_AnchorMax: {x: 0.5, y: 0.5}
  m_AnchoredPosition: {x: 264.1, y: 0}
  m_SizeDelta: {x: 111.8, y: 21.7}
  m_Pivot: {x: 0.5, y: 0.5}
--- !u!114 &1052747500
MonoBehaviour:
  m_ObjectHideFlags: 0
  m_PrefabParentObject: {fileID: 11434980, guid: a93ad697322ed6849866e5798c98d84c,
    type: 2}
  m_PrefabInternal: {fileID: 1053079133}
  m_GameObject: {fileID: 1052747498}
  m_Enabled: 1
  m_EditorHideFlags: 0
  m_Script: {fileID: 1392445389, guid: f5f67c52d1564df4a8936ccd202a3bd8, type: 3}
  m_Name: 
  m_EditorClassIdentifier: 
  m_Navigation:
    m_Mode: 3
    m_SelectOnUp: {fileID: 0}
    m_SelectOnDown: {fileID: 0}
    m_SelectOnLeft: {fileID: 0}
    m_SelectOnRight: {fileID: 0}
  m_Transition: 1
  m_Colors:
    m_NormalColor: {r: 1, g: 1, b: 1, a: 1}
    m_HighlightedColor: {r: 0.9607843, g: 0.9607843, b: 0.9607843, a: 1}
    m_PressedColor: {r: 0.78431374, g: 0.78431374, b: 0.78431374, a: 1}
    m_DisabledColor: {r: 0.78431374, g: 0.78431374, b: 0.78431374, a: 0.5019608}
    m_ColorMultiplier: 1
    m_FadeDuration: 0.1
  m_SpriteState:
    m_HighlightedSprite: {fileID: 0}
    m_PressedSprite: {fileID: 0}
    m_DisabledSprite: {fileID: 0}
  m_AnimationTriggers:
    m_NormalTrigger: Normal
    m_HighlightedTrigger: Highlighted
    m_PressedTrigger: Pressed
    m_DisabledTrigger: Disabled
  m_Interactable: 1
  m_TargetGraphic: {fileID: 1052747501}
  m_OnClick:
    m_PersistentCalls:
      m_Calls: []
    m_TypeName: UnityEngine.UI.Button+ButtonClickedEvent, UnityEngine.UI, Version=1.0.0.0,
      Culture=neutral, PublicKeyToken=null
--- !u!114 &1052747501
MonoBehaviour:
  m_ObjectHideFlags: 0
  m_PrefabParentObject: {fileID: 11434978, guid: a93ad697322ed6849866e5798c98d84c,
    type: 2}
  m_PrefabInternal: {fileID: 1053079133}
  m_GameObject: {fileID: 1052747498}
  m_Enabled: 1
  m_EditorHideFlags: 0
  m_Script: {fileID: -765806418, guid: f5f67c52d1564df4a8936ccd202a3bd8, type: 3}
  m_Name: 
  m_EditorClassIdentifier: 
  m_Material: {fileID: 0}
  m_Color: {r: 1, g: 1, b: 1, a: 0.4}
  m_RaycastTarget: 1
  m_OnCullStateChanged:
    m_PersistentCalls:
      m_Calls: []
    m_TypeName: UnityEngine.UI.MaskableGraphic+CullStateChangedEvent, UnityEngine.UI,
      Version=1.0.0.0, Culture=neutral, PublicKeyToken=null
  m_Sprite: {fileID: 21300000, guid: 7ed1238760b863f4aafde32ab3a6f28c, type: 3}
  m_Type: 1
  m_PreserveAspect: 0
  m_FillCenter: 1
  m_FillMethod: 4
  m_FillAmount: 1
  m_FillClockwise: 1
  m_FillOrigin: 0
--- !u!222 &1052747502
CanvasRenderer:
  m_ObjectHideFlags: 0
  m_PrefabParentObject: {fileID: 22234990, guid: a93ad697322ed6849866e5798c98d84c,
    type: 2}
  m_PrefabInternal: {fileID: 1053079133}
  m_GameObject: {fileID: 1052747498}
--- !u!1001 &1053079133
Prefab:
  m_ObjectHideFlags: 0
  serializedVersion: 2
  m_Modification:
    m_TransformParent: {fileID: 0}
    m_Modifications:
    - target: {fileID: 22435030, guid: a93ad697322ed6849866e5798c98d84c, type: 2}
      propertyPath: m_LocalPosition.x
      value: 0
      objectReference: {fileID: 0}
    - target: {fileID: 22435030, guid: a93ad697322ed6849866e5798c98d84c, type: 2}
      propertyPath: m_LocalPosition.y
      value: 0
      objectReference: {fileID: 0}
    - target: {fileID: 22435030, guid: a93ad697322ed6849866e5798c98d84c, type: 2}
      propertyPath: m_LocalPosition.z
      value: 0
      objectReference: {fileID: 0}
    - target: {fileID: 22435030, guid: a93ad697322ed6849866e5798c98d84c, type: 2}
      propertyPath: m_LocalRotation.x
      value: 0
      objectReference: {fileID: 0}
    - target: {fileID: 22435030, guid: a93ad697322ed6849866e5798c98d84c, type: 2}
      propertyPath: m_LocalRotation.y
      value: 0
      objectReference: {fileID: 0}
    - target: {fileID: 22435030, guid: a93ad697322ed6849866e5798c98d84c, type: 2}
      propertyPath: m_LocalRotation.z
      value: 0
      objectReference: {fileID: 0}
    - target: {fileID: 22435030, guid: a93ad697322ed6849866e5798c98d84c, type: 2}
      propertyPath: m_LocalRotation.w
      value: 1
      objectReference: {fileID: 0}
    - target: {fileID: 22435030, guid: a93ad697322ed6849866e5798c98d84c, type: 2}
      propertyPath: m_RootOrder
      value: 0
      objectReference: {fileID: 0}
    - target: {fileID: 22435030, guid: a93ad697322ed6849866e5798c98d84c, type: 2}
      propertyPath: m_AnchoredPosition.x
      value: 0
      objectReference: {fileID: 0}
    - target: {fileID: 22435030, guid: a93ad697322ed6849866e5798c98d84c, type: 2}
      propertyPath: m_AnchoredPosition.y
      value: 0
      objectReference: {fileID: 0}
    - target: {fileID: 22435030, guid: a93ad697322ed6849866e5798c98d84c, type: 2}
      propertyPath: m_SizeDelta.x
      value: 0
      objectReference: {fileID: 0}
    - target: {fileID: 22435030, guid: a93ad697322ed6849866e5798c98d84c, type: 2}
      propertyPath: m_SizeDelta.y
      value: 0
      objectReference: {fileID: 0}
    - target: {fileID: 22435030, guid: a93ad697322ed6849866e5798c98d84c, type: 2}
      propertyPath: m_AnchorMin.x
      value: 0
      objectReference: {fileID: 0}
    - target: {fileID: 22435030, guid: a93ad697322ed6849866e5798c98d84c, type: 2}
      propertyPath: m_AnchorMin.y
      value: 0
      objectReference: {fileID: 0}
    - target: {fileID: 22435030, guid: a93ad697322ed6849866e5798c98d84c, type: 2}
      propertyPath: m_AnchorMax.x
      value: 0
      objectReference: {fileID: 0}
    - target: {fileID: 22435030, guid: a93ad697322ed6849866e5798c98d84c, type: 2}
      propertyPath: m_AnchorMax.y
      value: 0
      objectReference: {fileID: 0}
    - target: {fileID: 22435030, guid: a93ad697322ed6849866e5798c98d84c, type: 2}
      propertyPath: m_Pivot.x
      value: 0
      objectReference: {fileID: 0}
    - target: {fileID: 22435030, guid: a93ad697322ed6849866e5798c98d84c, type: 2}
      propertyPath: m_Pivot.y
      value: 0
      objectReference: {fileID: 0}
    m_RemovedComponents: []
  m_ParentPrefab: {fileID: 100100000, guid: a93ad697322ed6849866e5798c98d84c, type: 2}
  m_RootGameObject: {fileID: 390649090}
  m_IsPrefabParent: 0
--- !u!1 &1059468071
GameObject:
  m_ObjectHideFlags: 0
  m_PrefabParentObject: {fileID: 135012, guid: a93ad697322ed6849866e5798c98d84c, type: 2}
  m_PrefabInternal: {fileID: 1053079133}
  serializedVersion: 4
  m_Component:
  - 224: {fileID: 1059468072}
  - 222: {fileID: 1059468075}
  - 114: {fileID: 1059468074}
  - 114: {fileID: 1059468073}
  m_Layer: 5
  m_Name: Dot
  m_TagString: Untagged
  m_Icon: {fileID: 0}
  m_NavMeshLayer: 0
  m_StaticEditorFlags: 0
  m_IsActive: 1
--- !u!224 &1059468072
RectTransform:
  m_ObjectHideFlags: 0
  m_PrefabParentObject: {fileID: 22435012, guid: a93ad697322ed6849866e5798c98d84c,
    type: 2}
  m_PrefabInternal: {fileID: 1053079133}
  m_GameObject: {fileID: 1059468071}
  m_LocalRotation: {x: 0, y: 0, z: 0, w: 1}
  m_LocalPosition: {x: 0, y: 0, z: 0}
  m_LocalScale: {x: 1, y: 1, z: 1}
  m_LocalEulerAnglesHint: {x: 0, y: 0, z: 0}
  m_Children: []
  m_Father: {fileID: 1009358178}
  m_RootOrder: 0
  m_AnchorMin: {x: 0.5, y: 0.5}
  m_AnchorMax: {x: 0.5, y: 0.5}
  m_AnchoredPosition: {x: 296.5, y: 0.00000035762787}
  m_SizeDelta: {x: 47.1, y: 21.7}
  m_Pivot: {x: 0.5, y: 0.5}
--- !u!114 &1059468073
MonoBehaviour:
  m_ObjectHideFlags: 0
  m_PrefabParentObject: {fileID: 11435008, guid: a93ad697322ed6849866e5798c98d84c,
    type: 2}
  m_PrefabInternal: {fileID: 1053079133}
  m_GameObject: {fileID: 1059468071}
  m_Enabled: 1
  m_EditorHideFlags: 0
  m_Script: {fileID: 1392445389, guid: f5f67c52d1564df4a8936ccd202a3bd8, type: 3}
  m_Name: 
  m_EditorClassIdentifier: 
  m_Navigation:
    m_Mode: 3
    m_SelectOnUp: {fileID: 0}
    m_SelectOnDown: {fileID: 0}
    m_SelectOnLeft: {fileID: 0}
    m_SelectOnRight: {fileID: 0}
  m_Transition: 1
  m_Colors:
    m_NormalColor: {r: 1, g: 1, b: 1, a: 1}
    m_HighlightedColor: {r: 0.9607843, g: 0.9607843, b: 0.9607843, a: 1}
    m_PressedColor: {r: 0.78431374, g: 0.78431374, b: 0.78431374, a: 1}
    m_DisabledColor: {r: 0.78431374, g: 0.78431374, b: 0.78431374, a: 0.5019608}
    m_ColorMultiplier: 1
    m_FadeDuration: 0.1
  m_SpriteState:
    m_HighlightedSprite: {fileID: 0}
    m_PressedSprite: {fileID: 0}
    m_DisabledSprite: {fileID: 0}
  m_AnimationTriggers:
    m_NormalTrigger: Normal
    m_HighlightedTrigger: Highlighted
    m_PressedTrigger: Pressed
    m_DisabledTrigger: Disabled
  m_Interactable: 1
  m_TargetGraphic: {fileID: 1059468074}
  m_OnClick:
    m_PersistentCalls:
      m_Calls: []
    m_TypeName: UnityEngine.UI.Button+ButtonClickedEvent, UnityEngine.UI, Version=1.0.0.0,
      Culture=neutral, PublicKeyToken=null
--- !u!114 &1059468074
MonoBehaviour:
  m_ObjectHideFlags: 0
  m_PrefabParentObject: {fileID: 11435006, guid: a93ad697322ed6849866e5798c98d84c,
    type: 2}
  m_PrefabInternal: {fileID: 1053079133}
  m_GameObject: {fileID: 1059468071}
  m_Enabled: 1
  m_EditorHideFlags: 0
  m_Script: {fileID: -765806418, guid: f5f67c52d1564df4a8936ccd202a3bd8, type: 3}
  m_Name: 
  m_EditorClassIdentifier: 
  m_Material: {fileID: 0}
  m_Color: {r: 1, g: 1, b: 1, a: 0.4}
  m_RaycastTarget: 1
  m_OnCullStateChanged:
    m_PersistentCalls:
      m_Calls: []
    m_TypeName: UnityEngine.UI.MaskableGraphic+CullStateChangedEvent, UnityEngine.UI,
      Version=1.0.0.0, Culture=neutral, PublicKeyToken=null
  m_Sprite: {fileID: 21300000, guid: 7ed1238760b863f4aafde32ab3a6f28c, type: 3}
  m_Type: 1
  m_PreserveAspect: 0
  m_FillCenter: 1
  m_FillMethod: 4
  m_FillAmount: 1
  m_FillClockwise: 1
  m_FillOrigin: 0
--- !u!222 &1059468075
CanvasRenderer:
  m_ObjectHideFlags: 0
  m_PrefabParentObject: {fileID: 22235012, guid: a93ad697322ed6849866e5798c98d84c,
    type: 2}
  m_PrefabInternal: {fileID: 1053079133}
  m_GameObject: {fileID: 1059468071}
--- !u!1 &1077817189
GameObject:
  m_ObjectHideFlags: 0
  m_PrefabParentObject: {fileID: 135022, guid: a93ad697322ed6849866e5798c98d84c, type: 2}
  m_PrefabInternal: {fileID: 1053079133}
  serializedVersion: 4
  m_Component:
  - 224: {fileID: 1077817190}
  - 222: {fileID: 1077817192}
  - 114: {fileID: 1077817191}
  m_Layer: 5
  m_Name: Text
  m_TagString: Untagged
  m_Icon: {fileID: 0}
  m_NavMeshLayer: 0
  m_StaticEditorFlags: 0
  m_IsActive: 1
--- !u!224 &1077817190
RectTransform:
  m_ObjectHideFlags: 0
  m_PrefabParentObject: {fileID: 22435022, guid: a93ad697322ed6849866e5798c98d84c,
    type: 2}
  m_PrefabInternal: {fileID: 1053079133}
  m_GameObject: {fileID: 1077817189}
  m_LocalRotation: {x: 0, y: 0, z: 0, w: 1}
  m_LocalPosition: {x: 0, y: 0, z: 0}
  m_LocalScale: {x: 1, y: 1, z: 1}
  m_LocalEulerAnglesHint: {x: 0, y: 0, z: 0}
  m_Children: []
  m_Father: {fileID: 556025120}
  m_RootOrder: 1
  m_AnchorMin: {x: 0.5, y: 0.5}
  m_AnchorMax: {x: 0.5, y: 0.5}
  m_AnchoredPosition: {x: 0, y: 0}
  m_SizeDelta: {x: 167, y: 99}
  m_Pivot: {x: 0.5, y: 0.5}
--- !u!114 &1077817191
MonoBehaviour:
  m_ObjectHideFlags: 0
  m_PrefabParentObject: {fileID: 11435020, guid: a93ad697322ed6849866e5798c98d84c,
    type: 2}
  m_PrefabInternal: {fileID: 1053079133}
  m_GameObject: {fileID: 1077817189}
  m_Enabled: 1
  m_EditorHideFlags: 0
  m_Script: {fileID: 708705254, guid: f5f67c52d1564df4a8936ccd202a3bd8, type: 3}
  m_Name: 
  m_EditorClassIdentifier: 
  m_Material: {fileID: 0}
  m_Color: {r: 1, g: 1, b: 1, a: 1}
  m_RaycastTarget: 1
  m_OnCullStateChanged:
    m_PersistentCalls:
      m_Calls: []
    m_TypeName: UnityEngine.UI.MaskableGraphic+CullStateChangedEvent, UnityEngine.UI,
      Version=1.0.0.0, Culture=neutral, PublicKeyToken=null
  m_FontData:
    m_Font: {fileID: 12800000, guid: 218956a5c2a6e42d6a60afccf80b002b, type: 3}
    m_FontSize: 26
    m_FontStyle: 0
    m_BestFit: 0
    m_MinSize: 10
    m_MaxSize: 40
    m_Alignment: 4
    m_AlignByGeometry: 0
    m_RichText: 1
    m_HorizontalOverflow: 0
    m_VerticalOverflow: 0
    m_LineSpacing: 1
  m_Text: THURSDAY
--- !u!222 &1077817192
CanvasRenderer:
  m_ObjectHideFlags: 0
  m_PrefabParentObject: {fileID: 22235022, guid: a93ad697322ed6849866e5798c98d84c,
    type: 2}
  m_PrefabInternal: {fileID: 1053079133}
  m_GameObject: {fileID: 1077817189}
--- !u!1 &1293490535
GameObject:
  m_ObjectHideFlags: 0
  m_PrefabParentObject: {fileID: 135004, guid: a93ad697322ed6849866e5798c98d84c, type: 2}
  m_PrefabInternal: {fileID: 1053079133}
  serializedVersion: 4
  m_Component:
  - 224: {fileID: 1293490536}
  - 222: {fileID: 1293490538}
  - 114: {fileID: 1293490537}
  m_Layer: 5
  m_Name: Text
  m_TagString: Untagged
  m_Icon: {fileID: 0}
  m_NavMeshLayer: 0
  m_StaticEditorFlags: 0
  m_IsActive: 1
--- !u!224 &1293490536
RectTransform:
  m_ObjectHideFlags: 0
  m_PrefabParentObject: {fileID: 22435004, guid: a93ad697322ed6849866e5798c98d84c,
    type: 2}
  m_PrefabInternal: {fileID: 1053079133}
  m_GameObject: {fileID: 1293490535}
  m_LocalRotation: {x: 0, y: 0, z: 0, w: 1}
  m_LocalPosition: {x: 0, y: 0, z: 0}
  m_LocalScale: {x: 1, y: 1, z: 1}
  m_LocalEulerAnglesHint: {x: 0, y: 0, z: 0}
  m_Children: []
  m_Father: {fileID: 1009358178}
  m_RootOrder: 2
  m_AnchorMin: {x: 0.5, y: 0.5}
  m_AnchorMax: {x: 0.5, y: 0.5}
  m_AnchoredPosition: {x: -196, y: 0}
  m_SizeDelta: {x: 167, y: 99}
  m_Pivot: {x: 0.5, y: 0.5}
--- !u!114 &1293490537
MonoBehaviour:
  m_ObjectHideFlags: 0
  m_PrefabParentObject: {fileID: 11434998, guid: a93ad697322ed6849866e5798c98d84c,
    type: 2}
  m_PrefabInternal: {fileID: 1053079133}
  m_GameObject: {fileID: 1293490535}
  m_Enabled: 1
  m_EditorHideFlags: 0
  m_Script: {fileID: 708705254, guid: f5f67c52d1564df4a8936ccd202a3bd8, type: 3}
  m_Name: 
  m_EditorClassIdentifier: 
  m_Material: {fileID: 0}
  m_Color: {r: 1, g: 1, b: 1, a: 1}
  m_RaycastTarget: 1
  m_OnCullStateChanged:
    m_PersistentCalls:
      m_Calls: []
    m_TypeName: UnityEngine.UI.MaskableGraphic+CullStateChangedEvent, UnityEngine.UI,
      Version=1.0.0.0, Culture=neutral, PublicKeyToken=null
  m_FontData:
    m_Font: {fileID: 12800000, guid: 5c425d43bb0df45ca8eb162d5154251e, type: 3}
    m_FontSize: 26
    m_FontStyle: 0
    m_BestFit: 0
    m_MinSize: 10
    m_MaxSize: 40
    m_Alignment: 3
    m_AlignByGeometry: 0
    m_RichText: 1
    m_HorizontalOverflow: 0
    m_VerticalOverflow: 0
    m_LineSpacing: 1
  m_Text: 04:30PM
--- !u!222 &1293490538
CanvasRenderer:
  m_ObjectHideFlags: 0
  m_PrefabParentObject: {fileID: 22235004, guid: a93ad697322ed6849866e5798c98d84c,
    type: 2}
  m_PrefabInternal: {fileID: 1053079133}
  m_GameObject: {fileID: 1293490535}
--- !u!1 &1372837471
GameObject:
  m_ObjectHideFlags: 0
  m_PrefabParentObject: {fileID: 135026, guid: a93ad697322ed6849866e5798c98d84c, type: 2}
  m_PrefabInternal: {fileID: 1053079133}
  serializedVersion: 4
  m_Component:
  - 224: {fileID: 1372837472}
  - 222: {fileID: 1372837474}
  - 114: {fileID: 1372837473}
  m_Layer: 5
  m_Name: BG
  m_TagString: Untagged
  m_Icon: {fileID: 0}
  m_NavMeshLayer: 0
  m_StaticEditorFlags: 0
  m_IsActive: 1
--- !u!224 &1372837472
RectTransform:
  m_ObjectHideFlags: 0
  m_PrefabParentObject: {fileID: 22435026, guid: a93ad697322ed6849866e5798c98d84c,
    type: 2}
  m_PrefabInternal: {fileID: 1053079133}
  m_GameObject: {fileID: 1372837471}
  m_LocalRotation: {x: -0.00000005757367, y: 0, z: 0, w: 1}
  m_LocalPosition: {x: 0, y: 0, z: 0}
  m_LocalScale: {x: 1, y: 1.0000001, z: 1}
  m_LocalEulerAnglesHint: {x: 0, y: 0, z: 0}
  m_Children: []
  m_Father: {fileID: 468344487}
  m_RootOrder: 0
  m_AnchorMin: {x: 0.5, y: 0.5}
  m_AnchorMax: {x: 0.5, y: 0.5}
  m_AnchoredPosition: {x: -228.1, y: -0.6}
  m_SizeDelta: {x: 126.2, y: 55.3}
  m_Pivot: {x: 0.5, y: 0.5}
--- !u!114 &1372837473
MonoBehaviour:
  m_ObjectHideFlags: 0
  m_PrefabParentObject: {fileID: 11435024, guid: a93ad697322ed6849866e5798c98d84c,
    type: 2}
  m_PrefabInternal: {fileID: 1053079133}
  m_GameObject: {fileID: 1372837471}
  m_Enabled: 1
  m_EditorHideFlags: 0
  m_Script: {fileID: -765806418, guid: f5f67c52d1564df4a8936ccd202a3bd8, type: 3}
  m_Name: 
  m_EditorClassIdentifier: 
  m_Material: {fileID: 0}
  m_Color: {r: 0.15294118, g: 0.15294118, b: 0.15294118, a: 0.5372549}
  m_RaycastTarget: 1
  m_OnCullStateChanged:
    m_PersistentCalls:
      m_Calls: []
    m_TypeName: UnityEngine.UI.MaskableGraphic+CullStateChangedEvent, UnityEngine.UI,
      Version=1.0.0.0, Culture=neutral, PublicKeyToken=null
  m_Sprite: {fileID: 21300000, guid: 95440f7ecc37385488657c52ca07fcfc, type: 3}
  m_Type: 1
  m_PreserveAspect: 0
  m_FillCenter: 1
  m_FillMethod: 4
  m_FillAmount: 1
  m_FillClockwise: 1
  m_FillOrigin: 0
--- !u!222 &1372837474
CanvasRenderer:
  m_ObjectHideFlags: 0
  m_PrefabParentObject: {fileID: 22235026, guid: a93ad697322ed6849866e5798c98d84c,
    type: 2}
  m_PrefabInternal: {fileID: 1053079133}
  m_GameObject: {fileID: 1372837471}
--- !u!1 &1412740119
GameObject:
  m_ObjectHideFlags: 0
  m_PrefabParentObject: {fileID: 117404, guid: a93ad697322ed6849866e5798c98d84c, type: 2}
  m_PrefabInternal: {fileID: 1053079133}
  serializedVersion: 4
  m_Component:
  - 224: {fileID: 1412740120}
  - 222: {fileID: 1412740122}
  - 114: {fileID: 1412740121}
  m_Layer: 5
  m_Name: Event_6
  m_TagString: Untagged
  m_Icon: {fileID: 0}
  m_NavMeshLayer: 0
  m_StaticEditorFlags: 0
  m_IsActive: 1
--- !u!224 &1412740120
RectTransform:
  m_ObjectHideFlags: 0
  m_PrefabParentObject: {fileID: 22445838, guid: a93ad697322ed6849866e5798c98d84c,
    type: 2}
  m_PrefabInternal: {fileID: 1053079133}
  m_GameObject: {fileID: 1412740119}
  m_LocalRotation: {x: 0, y: 0, z: 0, w: 1}
  m_LocalPosition: {x: 0, y: 0, z: 0}
  m_LocalScale: {x: 1, y: 1, z: 1}
  m_LocalEulerAnglesHint: {x: 0, y: 0, z: 0}
  m_Children:
  - {fileID: 872492212}
  - {fileID: 545657607}
  m_Father: {fileID: 390649095}
  m_RootOrder: 6
  m_AnchorMin: {x: 0.5, y: 0.5}
  m_AnchorMax: {x: 0.5, y: 0.5}
  m_AnchoredPosition: {x: 168.8, y: -487}
  m_SizeDelta: {x: 302.5, y: 162}
  m_Pivot: {x: 0.5, y: 0.5}
--- !u!114 &1412740121
MonoBehaviour:
  m_ObjectHideFlags: 0
  m_PrefabParentObject: {fileID: 11470334, guid: a93ad697322ed6849866e5798c98d84c,
    type: 2}
  m_PrefabInternal: {fileID: 1053079133}
  m_GameObject: {fileID: 1412740119}
  m_Enabled: 1
  m_EditorHideFlags: 0
  m_Script: {fileID: -765806418, guid: f5f67c52d1564df4a8936ccd202a3bd8, type: 3}
  m_Name: 
  m_EditorClassIdentifier: 
  m_Material: {fileID: 0}
  m_Color: {r: 0.8117647, g: 0.2901961, b: 0.28627452, a: 1}
  m_RaycastTarget: 1
  m_OnCullStateChanged:
    m_PersistentCalls:
      m_Calls: []
    m_TypeName: UnityEngine.UI.MaskableGraphic+CullStateChangedEvent, UnityEngine.UI,
      Version=1.0.0.0, Culture=neutral, PublicKeyToken=null
  m_Sprite: {fileID: 21300000, guid: 7ed1238760b863f4aafde32ab3a6f28c, type: 3}
  m_Type: 1
  m_PreserveAspect: 0
  m_FillCenter: 1
  m_FillMethod: 4
  m_FillAmount: 1
  m_FillClockwise: 1
  m_FillOrigin: 0
--- !u!222 &1412740122
CanvasRenderer:
  m_ObjectHideFlags: 0
  m_PrefabParentObject: {fileID: 22297068, guid: a93ad697322ed6849866e5798c98d84c,
    type: 2}
  m_PrefabInternal: {fileID: 1053079133}
  m_GameObject: {fileID: 1412740119}
--- !u!1 &1475901913
GameObject:
  m_ObjectHideFlags: 0
  m_PrefabParentObject: {fileID: 134994, guid: a93ad697322ed6849866e5798c98d84c, type: 2}
  m_PrefabInternal: {fileID: 1053079133}
  serializedVersion: 4
  m_Component:
  - 224: {fileID: 1475901914}
  - 222: {fileID: 1475901916}
  - 114: {fileID: 1475901915}
  m_Layer: 5
  m_Name: Text
  m_TagString: Untagged
  m_Icon: {fileID: 0}
  m_NavMeshLayer: 0
  m_StaticEditorFlags: 0
  m_IsActive: 1
--- !u!224 &1475901914
RectTransform:
  m_ObjectHideFlags: 0
  m_PrefabParentObject: {fileID: 22434994, guid: a93ad697322ed6849866e5798c98d84c,
    type: 2}
  m_PrefabInternal: {fileID: 1053079133}
  m_GameObject: {fileID: 1475901913}
  m_LocalRotation: {x: 0, y: 0, z: 0, w: 1}
  m_LocalPosition: {x: 0, y: 0, z: 0}
  m_LocalScale: {x: 1, y: 1, z: 1}
  m_LocalEulerAnglesHint: {x: 0, y: 0, z: 0}
  m_Children: []
  m_Father: {fileID: 223630263}
  m_RootOrder: 1
  m_AnchorMin: {x: 0.5, y: 0.5}
  m_AnchorMax: {x: 0.5, y: 0.5}
  m_AnchoredPosition: {x: 34, y: 0}
  m_SizeDelta: {x: 235, y: 99}
  m_Pivot: {x: 0.5, y: 0.5}
--- !u!114 &1475901915
MonoBehaviour:
  m_ObjectHideFlags: 0
  m_PrefabParentObject: {fileID: 11434984, guid: a93ad697322ed6849866e5798c98d84c,
    type: 2}
  m_PrefabInternal: {fileID: 1053079133}
  m_GameObject: {fileID: 1475901913}
  m_Enabled: 1
  m_EditorHideFlags: 0
  m_Script: {fileID: 708705254, guid: f5f67c52d1564df4a8936ccd202a3bd8, type: 3}
  m_Name: 
  m_EditorClassIdentifier: 
  m_Material: {fileID: 0}
  m_Color: {r: 0.33823532, g: 0.33823532, b: 0.33823532, a: 1}
  m_RaycastTarget: 1
  m_OnCullStateChanged:
    m_PersistentCalls:
      m_Calls: []
    m_TypeName: UnityEngine.UI.MaskableGraphic+CullStateChangedEvent, UnityEngine.UI,
      Version=1.0.0.0, Culture=neutral, PublicKeyToken=null
  m_FontData:
    m_Font: {fileID: 12800000, guid: bd1ea67ca2b5742d1a24fcbdc17c55e1, type: 3}
    m_FontSize: 26
    m_FontStyle: 0
    m_BestFit: 0
    m_MinSize: 10
    m_MaxSize: 40
    m_Alignment: 3
    m_AlignByGeometry: 0
    m_RichText: 1
    m_HorizontalOverflow: 0
    m_VerticalOverflow: 0
    m_LineSpacing: 1
  m_Text: Gym Trainning
--- !u!222 &1475901916
CanvasRenderer:
  m_ObjectHideFlags: 0
  m_PrefabParentObject: {fileID: 22234994, guid: a93ad697322ed6849866e5798c98d84c,
    type: 2}
  m_PrefabInternal: {fileID: 1053079133}
  m_GameObject: {fileID: 1475901913}
--- !u!1 &1500371475
GameObject:
  m_ObjectHideFlags: 0
  m_PrefabParentObject: {fileID: 0}
  m_PrefabInternal: {fileID: 0}
  serializedVersion: 4
  m_Component:
  - 4: {fileID: 1500371479}
  - 114: {fileID: 1500371478}
  - 114: {fileID: 1500371477}
  - 114: {fileID: 1500371476}
  m_Layer: 0
  m_Name: EventSystem
  m_TagString: Untagged
  m_Icon: {fileID: 0}
  m_NavMeshLayer: 0
  m_StaticEditorFlags: 0
  m_IsActive: 1
--- !u!114 &1500371476
MonoBehaviour:
  m_ObjectHideFlags: 0
  m_PrefabParentObject: {fileID: 0}
  m_PrefabInternal: {fileID: 0}
  m_GameObject: {fileID: 1500371475}
  m_Enabled: 1
  m_EditorHideFlags: 0
  m_Script: {fileID: 1997211142, guid: f5f67c52d1564df4a8936ccd202a3bd8, type: 3}
  m_Name: 
  m_EditorClassIdentifier: 
  m_ForceModuleActive: 0
--- !u!114 &1500371477
MonoBehaviour:
  m_ObjectHideFlags: 0
  m_PrefabParentObject: {fileID: 0}
  m_PrefabInternal: {fileID: 0}
  m_GameObject: {fileID: 1500371475}
  m_Enabled: 1
  m_EditorHideFlags: 0
  m_Script: {fileID: 1077351063, guid: f5f67c52d1564df4a8936ccd202a3bd8, type: 3}
  m_Name: 
  m_EditorClassIdentifier: 
  m_HorizontalAxis: Horizontal
  m_VerticalAxis: Vertical
  m_SubmitButton: Submit
  m_CancelButton: Cancel
  m_InputActionsPerSecond: 10
  m_RepeatDelay: 0.5
  m_ForceModuleActive: 0
--- !u!114 &1500371478
MonoBehaviour:
  m_ObjectHideFlags: 0
  m_PrefabParentObject: {fileID: 0}
  m_PrefabInternal: {fileID: 0}
  m_GameObject: {fileID: 1500371475}
  m_Enabled: 1
  m_EditorHideFlags: 0
  m_Script: {fileID: -619905303, guid: f5f67c52d1564df4a8936ccd202a3bd8, type: 3}
  m_Name: 
  m_EditorClassIdentifier: 
  m_FirstSelected: {fileID: 0}
  m_sendNavigationEvents: 1
  m_DragThreshold: 5
--- !u!4 &1500371479
Transform:
  m_ObjectHideFlags: 0
  m_PrefabParentObject: {fileID: 0}
  m_PrefabInternal: {fileID: 0}
  m_GameObject: {fileID: 1500371475}
  m_LocalRotation: {x: 0, y: 0, z: 0, w: 1}
  m_LocalPosition: {x: 0, y: 0, z: 0}
  m_LocalScale: {x: 1, y: 1, z: 1}
  m_LocalEulerAnglesHint: {x: 0, y: 0, z: 0}
  m_Children: []
  m_Father: {fileID: 0}
  m_RootOrder: 1
--- !u!1 &1511305452
GameObject:
  m_ObjectHideFlags: 0
  m_PrefabParentObject: {fileID: 0}
  m_PrefabInternal: {fileID: 0}
  serializedVersion: 4
  m_Component:
  - 4: {fileID: 1511305453}
  m_Layer: 0
  m_Name: __SET_YOUR_GAMESCREEN_TO_640x1136
  m_TagString: Untagged
  m_Icon: {fileID: 0}
  m_NavMeshLayer: 0
  m_StaticEditorFlags: 0
  m_IsActive: 1
--- !u!4 &1511305453
Transform:
  m_ObjectHideFlags: 0
  m_PrefabParentObject: {fileID: 0}
  m_PrefabInternal: {fileID: 0}
  m_GameObject: {fileID: 1511305452}
  m_LocalRotation: {x: 0, y: 0, z: 0, w: 1}
  m_LocalPosition: {x: 494.995, y: 627.74, z: 0}
  m_LocalScale: {x: 1, y: 1, z: 1}
  m_LocalEulerAnglesHint: {x: 0, y: 0, z: 0}
  m_Children: []
  m_Father: {fileID: 0}
  m_RootOrder: 2
--- !u!1 &1593033323
GameObject:
  m_ObjectHideFlags: 0
  m_PrefabParentObject: {fileID: 134998, guid: a93ad697322ed6849866e5798c98d84c, type: 2}
  m_PrefabInternal: {fileID: 1053079133}
  serializedVersion: 4
  m_Component:
  - 224: {fileID: 1593033324}
  - 222: {fileID: 1593033327}
  - 114: {fileID: 1593033326}
  - 114: {fileID: 1593033325}
  m_Layer: 5
  m_Name: Dot
  m_TagString: Untagged
  m_Icon: {fileID: 0}
  m_NavMeshLayer: 0
  m_StaticEditorFlags: 0
  m_IsActive: 1
--- !u!224 &1593033324
RectTransform:
  m_ObjectHideFlags: 0
  m_PrefabParentObject: {fileID: 22434998, guid: a93ad697322ed6849866e5798c98d84c,
    type: 2}
  m_PrefabInternal: {fileID: 1053079133}
  m_GameObject: {fileID: 1593033323}
  m_LocalRotation: {x: 0, y: 0, z: 0, w: 1}
  m_LocalPosition: {x: 0, y: 0, z: 0}
  m_LocalScale: {x: 1, y: 1, z: 1}
  m_LocalEulerAnglesHint: {x: 0, y: 0, z: 0}
  m_Children: []
  m_Father: {fileID: 1897264097}
  m_RootOrder: 0
  m_AnchorMin: {x: 0.5, y: 0.5}
  m_AnchorMax: {x: 0.5, y: 0.5}
  m_AnchoredPosition: {x: 296.5, y: 0.00000035762787}
  m_SizeDelta: {x: 47.1, y: 21.7}
  m_Pivot: {x: 0.5, y: 0.5}
--- !u!114 &1593033325
MonoBehaviour:
  m_ObjectHideFlags: 0
  m_PrefabParentObject: {fileID: 11434990, guid: a93ad697322ed6849866e5798c98d84c,
    type: 2}
  m_PrefabInternal: {fileID: 1053079133}
  m_GameObject: {fileID: 1593033323}
  m_Enabled: 1
  m_EditorHideFlags: 0
  m_Script: {fileID: 1392445389, guid: f5f67c52d1564df4a8936ccd202a3bd8, type: 3}
  m_Name: 
  m_EditorClassIdentifier: 
  m_Navigation:
    m_Mode: 3
    m_SelectOnUp: {fileID: 0}
    m_SelectOnDown: {fileID: 0}
    m_SelectOnLeft: {fileID: 0}
    m_SelectOnRight: {fileID: 0}
  m_Transition: 1
  m_Colors:
    m_NormalColor: {r: 1, g: 1, b: 1, a: 1}
    m_HighlightedColor: {r: 0.9607843, g: 0.9607843, b: 0.9607843, a: 1}
    m_PressedColor: {r: 0.78431374, g: 0.78431374, b: 0.78431374, a: 1}
    m_DisabledColor: {r: 0.78431374, g: 0.78431374, b: 0.78431374, a: 0.5019608}
    m_ColorMultiplier: 1
    m_FadeDuration: 0.1
  m_SpriteState:
    m_HighlightedSprite: {fileID: 0}
    m_PressedSprite: {fileID: 0}
    m_DisabledSprite: {fileID: 0}
  m_AnimationTriggers:
    m_NormalTrigger: Normal
    m_HighlightedTrigger: Highlighted
    m_PressedTrigger: Pressed
    m_DisabledTrigger: Disabled
  m_Interactable: 1
  m_TargetGraphic: {fileID: 1593033326}
  m_OnClick:
    m_PersistentCalls:
      m_Calls: []
    m_TypeName: UnityEngine.UI.Button+ButtonClickedEvent, UnityEngine.UI, Version=1.0.0.0,
      Culture=neutral, PublicKeyToken=null
--- !u!114 &1593033326
MonoBehaviour:
  m_ObjectHideFlags: 0
  m_PrefabParentObject: {fileID: 11434988, guid: a93ad697322ed6849866e5798c98d84c,
    type: 2}
  m_PrefabInternal: {fileID: 1053079133}
  m_GameObject: {fileID: 1593033323}
  m_Enabled: 1
  m_EditorHideFlags: 0
  m_Script: {fileID: -765806418, guid: f5f67c52d1564df4a8936ccd202a3bd8, type: 3}
  m_Name: 
  m_EditorClassIdentifier: 
  m_Material: {fileID: 0}
  m_Color: {r: 1, g: 1, b: 1, a: 0.4}
  m_RaycastTarget: 1
  m_OnCullStateChanged:
    m_PersistentCalls:
      m_Calls: []
    m_TypeName: UnityEngine.UI.MaskableGraphic+CullStateChangedEvent, UnityEngine.UI,
      Version=1.0.0.0, Culture=neutral, PublicKeyToken=null
  m_Sprite: {fileID: 21300000, guid: 7ed1238760b863f4aafde32ab3a6f28c, type: 3}
  m_Type: 1
  m_PreserveAspect: 0
  m_FillCenter: 1
  m_FillMethod: 4
  m_FillAmount: 1
  m_FillClockwise: 1
  m_FillOrigin: 0
--- !u!222 &1593033327
CanvasRenderer:
  m_ObjectHideFlags: 0
  m_PrefabParentObject: {fileID: 22234998, guid: a93ad697322ed6849866e5798c98d84c,
    type: 2}
  m_PrefabInternal: {fileID: 1053079133}
  m_GameObject: {fileID: 1593033323}
--- !u!1 &1633898253
GameObject:
  m_ObjectHideFlags: 0
  m_PrefabParentObject: {fileID: 134968, guid: a93ad697322ed6849866e5798c98d84c, type: 2}
  m_PrefabInternal: {fileID: 1053079133}
  serializedVersion: 4
  m_Component:
  - 224: {fileID: 1633898254}
  - 222: {fileID: 1633898256}
  - 114: {fileID: 1633898255}
  m_Layer: 5
  m_Name: AppTitle
  m_TagString: Untagged
  m_Icon: {fileID: 0}
  m_NavMeshLayer: 0
  m_StaticEditorFlags: 0
  m_IsActive: 1
--- !u!224 &1633898254
RectTransform:
  m_ObjectHideFlags: 0
  m_PrefabParentObject: {fileID: 22434968, guid: a93ad697322ed6849866e5798c98d84c,
    type: 2}
  m_PrefabInternal: {fileID: 1053079133}
  m_GameObject: {fileID: 1633898253}
  m_LocalRotation: {x: 0, y: 0, z: 0, w: 1}
  m_LocalPosition: {x: 0, y: 0, z: 0}
  m_LocalScale: {x: 1, y: 1, z: 1}
  m_LocalEulerAnglesHint: {x: 0, y: 0, z: 0}
  m_Children: []
  m_Father: {fileID: 1898450774}
  m_RootOrder: 0
  m_AnchorMin: {x: 0.5, y: 0.5}
  m_AnchorMax: {x: 0.5, y: 0.5}
  m_AnchoredPosition: {x: -0.0049991608, y: -109}
  m_SizeDelta: {x: 695, y: 109}
  m_Pivot: {x: 0.5, y: 0.5}
--- !u!114 &1633898255
MonoBehaviour:
  m_ObjectHideFlags: 0
  m_PrefabParentObject: {fileID: 11434952, guid: a93ad697322ed6849866e5798c98d84c,
    type: 2}
  m_PrefabInternal: {fileID: 1053079133}
  m_GameObject: {fileID: 1633898253}
  m_Enabled: 1
  m_EditorHideFlags: 0
  m_Script: {fileID: 708705254, guid: f5f67c52d1564df4a8936ccd202a3bd8, type: 3}
  m_Name: 
  m_EditorClassIdentifier: 
  m_Material: {fileID: 0}
  m_Color: {r: 0.85490197, g: 0.85490197, b: 0.85490197, a: 1}
  m_RaycastTarget: 1
  m_OnCullStateChanged:
    m_PersistentCalls:
      m_Calls: []
    m_TypeName: UnityEngine.UI.MaskableGraphic+CullStateChangedEvent, UnityEngine.UI,
      Version=1.0.0.0, Culture=neutral, PublicKeyToken=null
  m_FontData:
    m_Font: {fileID: 12800000, guid: 218956a5c2a6e42d6a60afccf80b002b, type: 3}
    m_FontSize: 40
    m_FontStyle: 0
    m_BestFit: 0
    m_MinSize: 10
    m_MaxSize: 40
    m_Alignment: 0
    m_AlignByGeometry: 0
    m_RichText: 1
    m_HorizontalOverflow: 0
    m_VerticalOverflow: 1
    m_LineSpacing: 1
  m_Text: APP SAMPLE
--- !u!222 &1633898256
CanvasRenderer:
  m_ObjectHideFlags: 0
  m_PrefabParentObject: {fileID: 22234968, guid: a93ad697322ed6849866e5798c98d84c,
    type: 2}
  m_PrefabInternal: {fileID: 1053079133}
  m_GameObject: {fileID: 1633898253}
--- !u!1 &1897264096
GameObject:
  m_ObjectHideFlags: 0
  m_PrefabParentObject: {fileID: 134986, guid: a93ad697322ed6849866e5798c98d84c, type: 2}
  m_PrefabInternal: {fileID: 1053079133}
  serializedVersion: 4
  m_Component:
  - 224: {fileID: 1897264097}
  - 222: {fileID: 1897264099}
  - 114: {fileID: 1897264098}
  m_Layer: 5
  m_Name: Event_1
  m_TagString: Untagged
  m_Icon: {fileID: 0}
  m_NavMeshLayer: 0
  m_StaticEditorFlags: 0
  m_IsActive: 1
--- !u!224 &1897264097
RectTransform:
  m_ObjectHideFlags: 0
  m_PrefabParentObject: {fileID: 22434986, guid: a93ad697322ed6849866e5798c98d84c,
    type: 2}
  m_PrefabInternal: {fileID: 1053079133}
  m_GameObject: {fileID: 1897264096}
  m_LocalRotation: {x: 0, y: 0, z: 0, w: 1}
  m_LocalPosition: {x: 0, y: 0, z: 0}
  m_LocalScale: {x: 1, y: 1, z: 1}
  m_LocalEulerAnglesHint: {x: 0, y: 0, z: 0}
  m_Children:
  - {fileID: 1593033324}
  - {fileID: 807673844}
  - {fileID: 612801548}
  m_Father: {fileID: 390649095}
  m_RootOrder: 1
  m_AnchorMin: {x: 0.5, y: 0.5}
  m_AnchorMax: {x: 0.5, y: 0.5}
  m_AnchoredPosition: {x: 0, y: 438}
  m_SizeDelta: {x: 640, y: 262}
  m_Pivot: {x: 0.5, y: 0.5}
--- !u!114 &1897264098
MonoBehaviour:
  m_ObjectHideFlags: 0
  m_PrefabParentObject: {fileID: 11434974, guid: a93ad697322ed6849866e5798c98d84c,
    type: 2}
  m_PrefabInternal: {fileID: 1053079133}
  m_GameObject: {fileID: 1897264096}
  m_Enabled: 1
  m_EditorHideFlags: 0
  m_Script: {fileID: -765806418, guid: f5f67c52d1564df4a8936ccd202a3bd8, type: 3}
  m_Name: 
  m_EditorClassIdentifier: 
  m_Material: {fileID: 0}
  m_Color: {r: 0.91764706, g: 0.7019608, b: 0.20784314, a: 1}
  m_RaycastTarget: 1
  m_OnCullStateChanged:
    m_PersistentCalls:
      m_Calls: []
    m_TypeName: UnityEngine.UI.MaskableGraphic+CullStateChangedEvent, UnityEngine.UI,
      Version=1.0.0.0, Culture=neutral, PublicKeyToken=null
  m_Sprite: {fileID: 21300000, guid: 7ed1238760b863f4aafde32ab3a6f28c, type: 3}
  m_Type: 1
  m_PreserveAspect: 0
  m_FillCenter: 1
  m_FillMethod: 4
  m_FillAmount: 1
  m_FillClockwise: 1
  m_FillOrigin: 0
--- !u!222 &1897264099
CanvasRenderer:
  m_ObjectHideFlags: 0
  m_PrefabParentObject: {fileID: 22234986, guid: a93ad697322ed6849866e5798c98d84c,
    type: 2}
  m_PrefabInternal: {fileID: 1053079133}
  m_GameObject: {fileID: 1897264096}
--- !u!1 &1898450773
GameObject:
  m_ObjectHideFlags: 0
  m_PrefabParentObject: {fileID: 134984, guid: a93ad697322ed6849866e5798c98d84c, type: 2}
  m_PrefabInternal: {fileID: 1053079133}
  serializedVersion: 4
  m_Component:
  - 224: {fileID: 1898450774}
  - 222: {fileID: 1898450776}
  - 114: {fileID: 1898450775}
  m_Layer: 5
  m_Name: AppTitle
  m_TagString: Untagged
  m_Icon: {fileID: 0}
  m_NavMeshLayer: 0
  m_StaticEditorFlags: 0
  m_IsActive: 1
--- !u!224 &1898450774
RectTransform:
  m_ObjectHideFlags: 0
  m_PrefabParentObject: {fileID: 22434984, guid: a93ad697322ed6849866e5798c98d84c,
    type: 2}
  m_PrefabInternal: {fileID: 1053079133}
  m_GameObject: {fileID: 1898450773}
  m_LocalRotation: {x: 0, y: 0, z: 0, w: 1}
  m_LocalPosition: {x: 0, y: 0, z: 0}
  m_LocalScale: {x: 1, y: 1, z: 1}
  m_LocalEulerAnglesHint: {x: 0, y: 0, z: 0}
  m_Children:
  - {fileID: 1633898254}
  m_Father: {fileID: 390649095}
  m_RootOrder: 0
  m_AnchorMin: {x: 0.5, y: 0.5}
  m_AnchorMax: {x: 0.5, y: 0.5}
  m_AnchoredPosition: {x: 27.495, y: 689}
  m_SizeDelta: {x: 695, y: 109}
  m_Pivot: {x: 0.5, y: 0.5}
--- !u!114 &1898450775
MonoBehaviour:
  m_ObjectHideFlags: 0
  m_PrefabParentObject: {fileID: 11434972, guid: a93ad697322ed6849866e5798c98d84c,
    type: 2}
  m_PrefabInternal: {fileID: 1053079133}
  m_GameObject: {fileID: 1898450773}
  m_Enabled: 1
  m_EditorHideFlags: 0
  m_Script: {fileID: 708705254, guid: f5f67c52d1564df4a8936ccd202a3bd8, type: 3}
  m_Name: 
  m_EditorClassIdentifier: 
  m_Material: {fileID: 0}
  m_Color: {r: 0.85490197, g: 0.85490197, b: 0.85490197, a: 1}
  m_RaycastTarget: 1
  m_OnCullStateChanged:
    m_PersistentCalls:
      m_Calls: []
    m_TypeName: UnityEngine.UI.MaskableGraphic+CullStateChangedEvent, UnityEngine.UI,
      Version=1.0.0.0, Culture=neutral, PublicKeyToken=null
  m_FontData:
    m_Font: {fileID: 12800000, guid: 218956a5c2a6e42d6a60afccf80b002b, type: 3}
    m_FontSize: 102
    m_FontStyle: 0
    m_BestFit: 0
    m_MinSize: 10
    m_MaxSize: 102
    m_Alignment: 0
    m_AlignByGeometry: 0
    m_RichText: 1
    m_HorizontalOverflow: 0
    m_VerticalOverflow: 1
    m_LineSpacing: 1
  m_Text: CALENDAR
--- !u!222 &1898450776
CanvasRenderer:
  m_ObjectHideFlags: 0
  m_PrefabParentObject: {fileID: 22234984, guid: a93ad697322ed6849866e5798c98d84c,
    type: 2}
  m_PrefabInternal: {fileID: 1053079133}
  m_GameObject: {fileID: 1898450773}
--- !u!1 &1899444455
GameObject:
  m_ObjectHideFlags: 0
  m_PrefabParentObject: {fileID: 135024, guid: a93ad697322ed6849866e5798c98d84c, type: 2}
  m_PrefabInternal: {fileID: 1053079133}
  serializedVersion: 4
  m_Component:
  - 224: {fileID: 1899444456}
  - 222: {fileID: 1899444458}
  - 114: {fileID: 1899444457}
  m_Layer: 5
  m_Name: Confirm
  m_TagString: Untagged
  m_Icon: {fileID: 0}
  m_NavMeshLayer: 0
  m_StaticEditorFlags: 0
  m_IsActive: 1
--- !u!224 &1899444456
RectTransform:
  m_ObjectHideFlags: 0
  m_PrefabParentObject: {fileID: 22435024, guid: a93ad697322ed6849866e5798c98d84c,
    type: 2}
  m_PrefabInternal: {fileID: 1053079133}
  m_GameObject: {fileID: 1899444455}
  m_LocalRotation: {x: 0, y: 0, z: 0, w: 1}
  m_LocalPosition: {x: 0, y: 0, z: 0}
  m_LocalScale: {x: 1, y: 1, z: 1}
  m_LocalEulerAnglesHint: {x: 0, y: 0, z: 0}
  m_Children:
  - {fileID: 902476784}
  m_Father: {fileID: 390649095}
  m_RootOrder: 7
  m_AnchorMin: {x: 0.5, y: 0.5}
  m_AnchorMax: {x: 0.5, y: 0.5}
  m_AnchoredPosition: {x: -151.23, y: -487}
  m_SizeDelta: {x: 337.55, y: 162}
  m_Pivot: {x: 0.5, y: 0.5}
--- !u!114 &1899444457
MonoBehaviour:
  m_ObjectHideFlags: 0
  m_PrefabParentObject: {fileID: 11435022, guid: a93ad697322ed6849866e5798c98d84c,
    type: 2}
  m_PrefabInternal: {fileID: 1053079133}
  m_GameObject: {fileID: 1899444455}
  m_Enabled: 1
  m_EditorHideFlags: 0
  m_Script: {fileID: -765806418, guid: f5f67c52d1564df4a8936ccd202a3bd8, type: 3}
  m_Name: 
  m_EditorClassIdentifier: 
  m_Material: {fileID: 0}
  m_Color: {r: 0.2352941, g: 0.2352941, b: 0.2352941, a: 1}
  m_RaycastTarget: 1
  m_OnCullStateChanged:
    m_PersistentCalls:
      m_Calls: []
    m_TypeName: UnityEngine.UI.MaskableGraphic+CullStateChangedEvent, UnityEngine.UI,
      Version=1.0.0.0, Culture=neutral, PublicKeyToken=null
  m_Sprite: {fileID: 21300000, guid: 7ed1238760b863f4aafde32ab3a6f28c, type: 3}
  m_Type: 1
  m_PreserveAspect: 0
  m_FillCenter: 1
  m_FillMethod: 4
  m_FillAmount: 1
  m_FillClockwise: 1
  m_FillOrigin: 0
--- !u!222 &1899444458
CanvasRenderer:
  m_ObjectHideFlags: 0
  m_PrefabParentObject: {fileID: 22235024, guid: a93ad697322ed6849866e5798c98d84c,
    type: 2}
  m_PrefabInternal: {fileID: 1053079133}
  m_GameObject: {fileID: 1899444455}
--- !u!1 &2095927974
GameObject:
  m_ObjectHideFlags: 0
  m_PrefabParentObject: {fileID: 135006, guid: a93ad697322ed6849866e5798c98d84c, type: 2}
  m_PrefabInternal: {fileID: 1053079133}
  serializedVersion: 4
  m_Component:
  - 224: {fileID: 2095927975}
  - 222: {fileID: 2095927977}
  - 114: {fileID: 2095927976}
  m_Layer: 5
  m_Name: Text
  m_TagString: Untagged
  m_Icon: {fileID: 0}
  m_NavMeshLayer: 0
  m_StaticEditorFlags: 0
  m_IsActive: 1
--- !u!224 &2095927975
RectTransform:
  m_ObjectHideFlags: 0
  m_PrefabParentObject: {fileID: 22435006, guid: a93ad697322ed6849866e5798c98d84c,
    type: 2}
  m_PrefabInternal: {fileID: 1053079133}
  m_GameObject: {fileID: 2095927974}
  m_LocalRotation: {x: 0, y: 0, z: 0, w: 1}
  m_LocalPosition: {x: 0, y: 0, z: 0}
  m_LocalScale: {x: 1, y: 1, z: 1}
  m_LocalEulerAnglesHint: {x: 0, y: 0, z: 0}
  m_Children: []
  m_Father: {fileID: 1009358178}
  m_RootOrder: 1
  m_AnchorMin: {x: 0.5, y: 0.5}
  m_AnchorMax: {x: 0.5, y: 0.5}
  m_AnchoredPosition: {x: 0, y: 0}
  m_SizeDelta: {x: 167, y: 99}
  m_Pivot: {x: 0.5, y: 0.5}
--- !u!114 &2095927976
MonoBehaviour:
  m_ObjectHideFlags: 0
  m_PrefabParentObject: {fileID: 11435000, guid: a93ad697322ed6849866e5798c98d84c,
    type: 2}
  m_PrefabInternal: {fileID: 1053079133}
  m_GameObject: {fileID: 2095927974}
  m_Enabled: 1
  m_EditorHideFlags: 0
  m_Script: {fileID: 708705254, guid: f5f67c52d1564df4a8936ccd202a3bd8, type: 3}
  m_Name: 
  m_EditorClassIdentifier: 
  m_Material: {fileID: 0}
  m_Color: {r: 1, g: 1, b: 1, a: 1}
  m_RaycastTarget: 1
  m_OnCullStateChanged:
    m_PersistentCalls:
      m_Calls: []
    m_TypeName: UnityEngine.UI.MaskableGraphic+CullStateChangedEvent, UnityEngine.UI,
      Version=1.0.0.0, Culture=neutral, PublicKeyToken=null
  m_FontData:
    m_Font: {fileID: 12800000, guid: 218956a5c2a6e42d6a60afccf80b002b, type: 3}
    m_FontSize: 26
    m_FontStyle: 0
    m_BestFit: 0
    m_MinSize: 10
    m_MaxSize: 40
    m_Alignment: 4
    m_AlignByGeometry: 0
    m_RichText: 1
    m_HorizontalOverflow: 0
    m_VerticalOverflow: 0
    m_LineSpacing: 1
  m_Text: TOMMOROW
--- !u!222 &2095927977
CanvasRenderer:
  m_ObjectHideFlags: 0
  m_PrefabParentObject: {fileID: 22235006, guid: a93ad697322ed6849866e5798c98d84c,
    type: 2}
  m_PrefabInternal: {fileID: 1053079133}
  m_GameObject: {fileID: 2095927974}
