%YAML 1.1
%TAG !u! tag:unity3d.com,2011:
--- !u!29 &1
SceneSettings:
  m_ObjectHideFlags: 0
  m_PVSData: 
  m_PVSObjectsArray: []
  m_PVSPortalsArray: []
  m_OcclusionBakeSettings:
    smallestOccluder: 5
    smallestHole: 0.25
    backfaceThreshold: 100
--- !u!104 &2
RenderSettings:
  m_ObjectHideFlags: 0
  serializedVersion: 7
  m_Fog: 0
  m_FogColor: {r: 0.5, g: 0.5, b: 0.5, a: 1}
  m_FogMode: 3
  m_FogDensity: 0.01
  m_LinearFogStart: 0
  m_LinearFogEnd: 300
  m_AmbientSkyColor: {r: 0.212, g: 0.227, b: 0.259, a: 1}
  m_AmbientEquatorColor: {r: 0.114, g: 0.125, b: 0.133, a: 1}
  m_AmbientGroundColor: {r: 0.047, g: 0.043, b: 0.035, a: 1}
  m_AmbientIntensity: 1
  m_AmbientMode: 0
  m_SkyboxMaterial: {fileID: 10304, guid: 0000000000000000f000000000000000, type: 0}
  m_HaloStrength: 0.5
  m_FlareStrength: 1
  m_FlareFadeSpeed: 3
  m_HaloTexture: {fileID: 0}
  m_SpotCookie: {fileID: 10001, guid: 0000000000000000e000000000000000, type: 0}
  m_DefaultReflectionMode: 0
  m_DefaultReflectionResolution: 128
  m_ReflectionBounces: 1
  m_ReflectionIntensity: 1
  m_CustomReflection: {fileID: 0}
  m_Sun: {fileID: 0}
  m_IndirectSpecularColor: {r: 0, g: 0, b: 0, a: 1}
--- !u!157 &4
LightmapSettings:
  m_ObjectHideFlags: 0
  serializedVersion: 7
  m_GIWorkflowMode: 0
  m_GISettings:
    serializedVersion: 2
    m_BounceScale: 1
    m_IndirectOutputScale: 1
    m_AlbedoBoost: 1
    m_TemporalCoherenceThreshold: 1
    m_EnvironmentLightingMode: 0
    m_EnableBakedLightmaps: 1
    m_EnableRealtimeLightmaps: 1
  m_LightmapEditorSettings:
    serializedVersion: 4
    m_Resolution: 2
    m_BakeResolution: 40
    m_TextureWidth: 1024
    m_TextureHeight: 1024
    m_AO: 0
    m_AOMaxDistance: 1
    m_CompAOExponent: 0
    m_CompAOExponentDirect: 0
    m_Padding: 2
    m_LightmapParameters: {fileID: 0}
    m_LightmapsBakeMode: 1
    m_TextureCompression: 1
    m_DirectLightInLightProbes: 1
    m_FinalGather: 0
    m_FinalGatherFiltering: 1
    m_FinalGatherRayCount: 1024
    m_ReflectionCompression: 2
  m_LightingDataAsset: {fileID: 0}
  m_RuntimeCPUUsage: 25
--- !u!196 &5
NavMeshSettings:
  serializedVersion: 2
  m_ObjectHideFlags: 0
  m_BuildSettings:
    serializedVersion: 2
    agentRadius: 0.5
    agentHeight: 2
    agentSlope: 45
    agentClimb: 0.4
    ledgeDropHeight: 0
    maxJumpAcrossDistance: 0
    accuratePlacement: 0
    minRegionArea: 2
    cellSize: 0.16666667
    manualCellSize: 0
  m_NavMeshData: {fileID: 0}
--- !u!1 &6733416
GameObject:
  m_ObjectHideFlags: 0
  m_PrefabParentObject: {fileID: 179498, guid: 13155598da289b6468da0742062328f5, type: 2}
  m_PrefabInternal: {fileID: 1368200695}
  serializedVersion: 4
  m_Component:
  - 224: {fileID: 6733417}
  - 222: {fileID: 6733419}
  - 114: {fileID: 6733418}
  m_Layer: 5
  m_Name: Text
  m_TagString: Untagged
  m_Icon: {fileID: 0}
  m_NavMeshLayer: 0
  m_StaticEditorFlags: 0
  m_IsActive: 1
--- !u!224 &6733417
RectTransform:
  m_ObjectHideFlags: 0
  m_PrefabParentObject: {fileID: 22479498, guid: 13155598da289b6468da0742062328f5,
    type: 2}
  m_PrefabInternal: {fileID: 1368200695}
  m_GameObject: {fileID: 6733416}
  m_LocalRotation: {x: 0, y: 0, z: 0, w: 1}
  m_LocalPosition: {x: 0, y: 0, z: 0}
  m_LocalScale: {x: 1, y: 1, z: 1}
  m_LocalEulerAnglesHint: {x: 0, y: 0, z: 0}
  m_Children: []
  m_Father: {fileID: 1033821052}
  m_RootOrder: 2
  m_AnchorMin: {x: 0.5, y: 0.5}
  m_AnchorMax: {x: 0.5, y: 0.5}
  m_AnchoredPosition: {x: 0, y: -80}
  m_SizeDelta: {x: 198, y: 42}
  m_Pivot: {x: 0.5, y: 0.5}
--- !u!114 &6733418
MonoBehaviour:
  m_ObjectHideFlags: 0
  m_PrefabParentObject: {fileID: 11479496, guid: 13155598da289b6468da0742062328f5,
    type: 2}
  m_PrefabInternal: {fileID: 1368200695}
  m_GameObject: {fileID: 6733416}
  m_Enabled: 1
  m_EditorHideFlags: 0
  m_Script: {fileID: 708705254, guid: f5f67c52d1564df4a8936ccd202a3bd8, type: 3}
  m_Name: 
  m_EditorClassIdentifier: 
  m_Material: {fileID: 0}
  m_Color: {r: 0.49264705, g: 0.49264705, b: 0.49264705, a: 1}
  m_RaycastTarget: 1
  m_OnCullStateChanged:
    m_PersistentCalls:
      m_Calls: []
    m_TypeName: UnityEngine.UI.MaskableGraphic+CullStateChangedEvent, UnityEngine.UI,
      Version=1.0.0.0, Culture=neutral, PublicKeyToken=null
  m_FontData:
    m_Font: {fileID: 12800000, guid: 218956a5c2a6e42d6a60afccf80b002b, type: 3}
    m_FontSize: 19
    m_FontStyle: 0
    m_BestFit: 0
    m_MinSize: 10
    m_MaxSize: 40
    m_Alignment: 4
    m_AlignByGeometry: 0
    m_RichText: 1
    m_HorizontalOverflow: 0
    m_VerticalOverflow: 0
    m_LineSpacing: 1
  m_Text: READY TO GO
--- !u!222 &6733419
CanvasRenderer:
  m_ObjectHideFlags: 0
  m_PrefabParentObject: {fileID: 22279498, guid: 13155598da289b6468da0742062328f5,
    type: 2}
  m_PrefabInternal: {fileID: 1368200695}
  m_GameObject: {fileID: 6733416}
--- !u!1 &138322410
GameObject:
  m_ObjectHideFlags: 0
  m_PrefabParentObject: {fileID: 179474, guid: 13155598da289b6468da0742062328f5, type: 2}
  m_PrefabInternal: {fileID: 1368200695}
  serializedVersion: 4
  m_Component:
  - 224: {fileID: 138322411}
  - 222: {fileID: 138322413}
  - 114: {fileID: 138322412}
  m_Layer: 5
  m_Name: FillingObject
  m_TagString: Untagged
  m_Icon: {fileID: 0}
  m_NavMeshLayer: 0
  m_StaticEditorFlags: 0
  m_IsActive: 1
--- !u!224 &138322411
RectTransform:
  m_ObjectHideFlags: 0
  m_PrefabParentObject: {fileID: 22479474, guid: 13155598da289b6468da0742062328f5,
    type: 2}
  m_PrefabInternal: {fileID: 1368200695}
  m_GameObject: {fileID: 138322410}
  m_LocalRotation: {x: 0, y: 0, z: 0, w: 1}
  m_LocalPosition: {x: 0, y: 0, z: 0}
  m_LocalScale: {x: 1, y: 1, z: 1}
  m_LocalEulerAnglesHint: {x: 0, y: 0, z: 0}
  m_Children:
  - {fileID: 503347795}
  m_Father: {fileID: 1033821052}
  m_RootOrder: 0
  m_AnchorMin: {x: 0.5, y: 0.5}
  m_AnchorMax: {x: 0.5, y: 0.5}
  m_AnchoredPosition: {x: 0, y: 0}
  m_SizeDelta: {x: 573, y: 573}
  m_Pivot: {x: 0.5, y: 0.5}
--- !u!114 &138322412
MonoBehaviour:
  m_ObjectHideFlags: 0
  m_PrefabParentObject: {fileID: 11479466, guid: 13155598da289b6468da0742062328f5,
    type: 2}
  m_PrefabInternal: {fileID: 1368200695}
  m_GameObject: {fileID: 138322410}
  m_Enabled: 1
  m_EditorHideFlags: 0
  m_Script: {fileID: -765806418, guid: f5f67c52d1564df4a8936ccd202a3bd8, type: 3}
  m_Name: 
  m_EditorClassIdentifier: 
  m_Material: {fileID: 0}
  m_Color: {r: 0.99215686, g: 0.4509804, b: 0.44313726, a: 1}
  m_RaycastTarget: 1
  m_OnCullStateChanged:
    m_PersistentCalls:
      m_Calls: []
    m_TypeName: UnityEngine.UI.MaskableGraphic+CullStateChangedEvent, UnityEngine.UI,
      Version=1.0.0.0, Culture=neutral, PublicKeyToken=null
  m_Sprite: {fileID: 21300000, guid: c6157dc9c292b704b93e50622ca4095f, type: 3}
  m_Type: 3
  m_PreserveAspect: 0
  m_FillCenter: 1
  m_FillMethod: 4
  m_FillAmount: 0.884
  m_FillClockwise: 1
  m_FillOrigin: 2
--- !u!222 &138322413
CanvasRenderer:
  m_ObjectHideFlags: 0
  m_PrefabParentObject: {fileID: 22279476, guid: 13155598da289b6468da0742062328f5,
    type: 2}
  m_PrefabInternal: {fileID: 1368200695}
  m_GameObject: {fileID: 138322410}
--- !u!1 &198376620
GameObject:
  m_ObjectHideFlags: 0
  m_PrefabParentObject: {fileID: 179496, guid: 13155598da289b6468da0742062328f5, type: 2}
  m_PrefabInternal: {fileID: 1368200695}
  serializedVersion: 4
  m_Component:
  - 224: {fileID: 198376621}
  - 222: {fileID: 198376623}
  - 114: {fileID: 198376622}
  m_Layer: 5
  m_Name: AppTitle
  m_TagString: Untagged
  m_Icon: {fileID: 0}
  m_NavMeshLayer: 0
  m_StaticEditorFlags: 0
  m_IsActive: 1
--- !u!224 &198376621
RectTransform:
  m_ObjectHideFlags: 0
  m_PrefabParentObject: {fileID: 22479496, guid: 13155598da289b6468da0742062328f5,
    type: 2}
  m_PrefabInternal: {fileID: 1368200695}
  m_GameObject: {fileID: 198376620}
  m_LocalRotation: {x: 0, y: 0, z: 0, w: 1}
  m_LocalPosition: {x: 0, y: 0, z: 0}
  m_LocalScale: {x: 1, y: 1, z: 1}
  m_LocalEulerAnglesHint: {x: 0, y: 0, z: 0}
  m_Children:
  - {fileID: 370810158}
  m_Father: {fileID: 1462251532}
  m_RootOrder: 0
  m_AnchorMin: {x: 0.5, y: 0.5}
  m_AnchorMax: {x: 0.5, y: 0.5}
  m_AnchoredPosition: {x: -384, y: 1147}
  m_SizeDelta: {x: 768, y: 109}
  m_Pivot: {x: 0.5, y: 0.5}
--- !u!114 &198376622
MonoBehaviour:
  m_ObjectHideFlags: 0
  m_PrefabParentObject: {fileID: 11479494, guid: 13155598da289b6468da0742062328f5,
    type: 2}
  m_PrefabInternal: {fileID: 1368200695}
  m_GameObject: {fileID: 198376620}
  m_Enabled: 1
  m_EditorHideFlags: 0
  m_Script: {fileID: 708705254, guid: f5f67c52d1564df4a8936ccd202a3bd8, type: 3}
  m_Name: 
  m_EditorClassIdentifier: 
  m_Material: {fileID: 0}
  m_Color: {r: 0.85490197, g: 0.85490197, b: 0.85490197, a: 1}
  m_RaycastTarget: 1
  m_OnCullStateChanged:
    m_PersistentCalls:
      m_Calls: []
    m_TypeName: UnityEngine.UI.MaskableGraphic+CullStateChangedEvent, UnityEngine.UI,
      Version=1.0.0.0, Culture=neutral, PublicKeyToken=null
  m_FontData:
    m_Font: {fileID: 12800000, guid: 218956a5c2a6e42d6a60afccf80b002b, type: 3}
    m_FontSize: 102
    m_FontStyle: 0
    m_BestFit: 0
    m_MinSize: 10
    m_MaxSize: 102
    m_Alignment: 0
    m_AlignByGeometry: 0
    m_RichText: 1
    m_HorizontalOverflow: 0
    m_VerticalOverflow: 1
    m_LineSpacing: 1
  m_Text: CHARTS
--- !u!222 &198376623
CanvasRenderer:
  m_ObjectHideFlags: 0
  m_PrefabParentObject: {fileID: 22279496, guid: 13155598da289b6468da0742062328f5,
    type: 2}
  m_PrefabInternal: {fileID: 1368200695}
  m_GameObject: {fileID: 198376620}
--- !u!1 &232125602
GameObject:
  m_ObjectHideFlags: 0
  m_PrefabParentObject: {fileID: 179480, guid: 13155598da289b6468da0742062328f5, type: 2}
  m_PrefabInternal: {fileID: 1368200695}
  serializedVersion: 4
  m_Component:
  - 224: {fileID: 232125603}
  - 222: {fileID: 232125606}
  - 114: {fileID: 232125605}
  - 114: {fileID: 232125604}
  m_Layer: 5
  m_Name: Button
  m_TagString: Untagged
  m_Icon: {fileID: 0}
  m_NavMeshLayer: 0
  m_StaticEditorFlags: 0
  m_IsActive: 1
--- !u!224 &232125603
RectTransform:
  m_ObjectHideFlags: 0
  m_PrefabParentObject: {fileID: 22479480, guid: 13155598da289b6468da0742062328f5,
    type: 2}
  m_PrefabInternal: {fileID: 1368200695}
  m_GameObject: {fileID: 232125602}
  m_LocalRotation: {x: 0, y: 0, z: 0, w: 1}
  m_LocalPosition: {x: 0, y: 0, z: 0}
  m_LocalScale: {x: 1, y: 1, z: 1}
  m_LocalEulerAnglesHint: {x: 0, y: 0, z: 0}
  m_Children: []
  m_Father: {fileID: 877170659}
  m_RootOrder: 2
  m_AnchorMin: {x: 0.5, y: 0.5}
  m_AnchorMax: {x: 0.5, y: 0.5}
  m_AnchoredPosition: {x: 703, y: 917}
  m_SizeDelta: {x: 47, y: 47}
  m_Pivot: {x: 0.5, y: 0.5}
--- !u!114 &232125604
MonoBehaviour:
  m_ObjectHideFlags: 0
  m_PrefabParentObject: {fileID: 11479474, guid: 13155598da289b6468da0742062328f5,
    type: 2}
  m_PrefabInternal: {fileID: 1368200695}
  m_GameObject: {fileID: 232125602}
  m_Enabled: 1
  m_EditorHideFlags: 0
  m_Script: {fileID: 1392445389, guid: f5f67c52d1564df4a8936ccd202a3bd8, type: 3}
  m_Name: 
  m_EditorClassIdentifier: 
  m_Navigation:
    m_Mode: 3
    m_SelectOnUp: {fileID: 0}
    m_SelectOnDown: {fileID: 0}
    m_SelectOnLeft: {fileID: 0}
    m_SelectOnRight: {fileID: 0}
  m_Transition: 1
  m_Colors:
    m_NormalColor: {r: 1, g: 1, b: 1, a: 1}
    m_HighlightedColor: {r: 0.9607843, g: 0.9607843, b: 0.9607843, a: 1}
    m_PressedColor: {r: 0.78431374, g: 0.78431374, b: 0.78431374, a: 1}
    m_DisabledColor: {r: 0.78431374, g: 0.78431374, b: 0.78431374, a: 0.5019608}
    m_ColorMultiplier: 1
    m_FadeDuration: 0.1
  m_SpriteState:
    m_HighlightedSprite: {fileID: 0}
    m_PressedSprite: {fileID: 0}
    m_DisabledSprite: {fileID: 0}
  m_AnimationTriggers:
    m_NormalTrigger: Normal
    m_HighlightedTrigger: Highlighted
    m_PressedTrigger: Pressed
    m_DisabledTrigger: Disabled
  m_Interactable: 1
  m_TargetGraphic: {fileID: 232125605}
  m_OnClick:
    m_PersistentCalls:
      m_Calls: []
    m_TypeName: UnityEngine.UI.Button+ButtonClickedEvent, UnityEngine.UI, Version=1.0.0.0,
      Culture=neutral, PublicKeyToken=null
--- !u!114 &232125605
MonoBehaviour:
  m_ObjectHideFlags: 0
  m_PrefabParentObject: {fileID: 11479472, guid: 13155598da289b6468da0742062328f5,
    type: 2}
  m_PrefabInternal: {fileID: 1368200695}
  m_GameObject: {fileID: 232125602}
  m_Enabled: 1
  m_EditorHideFlags: 0
  m_Script: {fileID: -765806418, guid: f5f67c52d1564df4a8936ccd202a3bd8, type: 3}
  m_Name: 
  m_EditorClassIdentifier: 
  m_Material: {fileID: 0}
  m_Color: {r: 1, g: 1, b: 1, a: 1}
  m_RaycastTarget: 1
  m_OnCullStateChanged:
    m_PersistentCalls:
      m_Calls: []
    m_TypeName: UnityEngine.UI.MaskableGraphic+CullStateChangedEvent, UnityEngine.UI,
      Version=1.0.0.0, Culture=neutral, PublicKeyToken=null
  m_Sprite: {fileID: 21300000, guid: c4149d18ffdde4429a4479092d29e85c, type: 3}
  m_Type: 0
  m_PreserveAspect: 0
  m_FillCenter: 1
  m_FillMethod: 4
  m_FillAmount: 1
  m_FillClockwise: 1
  m_FillOrigin: 0
--- !u!222 &232125606
CanvasRenderer:
  m_ObjectHideFlags: 0
  m_PrefabParentObject: {fileID: 22279482, guid: 13155598da289b6468da0742062328f5,
    type: 2}
  m_PrefabInternal: {fileID: 1368200695}
  m_GameObject: {fileID: 232125602}
--- !u!1 &370810157
GameObject:
  m_ObjectHideFlags: 0
  m_PrefabParentObject: {fileID: 179478, guid: 13155598da289b6468da0742062328f5, type: 2}
  m_PrefabInternal: {fileID: 1368200695}
  serializedVersion: 4
  m_Component:
  - 224: {fileID: 370810158}
  - 222: {fileID: 370810160}
  - 114: {fileID: 370810159}
  m_Layer: 5
  m_Name: AppTitle
  m_TagString: Untagged
  m_Icon: {fileID: 0}
  m_NavMeshLayer: 0
  m_StaticEditorFlags: 0
  m_IsActive: 1
--- !u!224 &370810158
RectTransform:
  m_ObjectHideFlags: 0
  m_PrefabParentObject: {fileID: 22479478, guid: 13155598da289b6468da0742062328f5,
    type: 2}
  m_PrefabInternal: {fileID: 1368200695}
  m_GameObject: {fileID: 370810157}
  m_LocalRotation: {x: 0, y: 0, z: 0, w: 1}
  m_LocalPosition: {x: 0, y: 0, z: 0}
  m_LocalScale: {x: 1, y: 1, z: 1}
  m_LocalEulerAnglesHint: {x: 0, y: 0, z: 0}
  m_Children: []
  m_Father: {fileID: 198376621}
  m_RootOrder: 0
  m_AnchorMin: {x: 0.5, y: 0.5}
  m_AnchorMax: {x: 0.5, y: 0.5}
  m_AnchoredPosition: {x: -36.5, y: -88}
  m_SizeDelta: {x: 695, y: 67}
  m_Pivot: {x: 0.5, y: 0.5}
--- !u!114 &370810159
MonoBehaviour:
  m_ObjectHideFlags: 0
  m_PrefabParentObject: {fileID: 11479470, guid: 13155598da289b6468da0742062328f5,
    type: 2}
  m_PrefabInternal: {fileID: 1368200695}
  m_GameObject: {fileID: 370810157}
  m_Enabled: 1
  m_EditorHideFlags: 0
  m_Script: {fileID: 708705254, guid: f5f67c52d1564df4a8936ccd202a3bd8, type: 3}
  m_Name: 
  m_EditorClassIdentifier: 
  m_Material: {fileID: 0}
  m_Color: {r: 0.85490197, g: 0.85490197, b: 0.85490197, a: 1}
  m_RaycastTarget: 1
  m_OnCullStateChanged:
    m_PersistentCalls:
      m_Calls: []
    m_TypeName: UnityEngine.UI.MaskableGraphic+CullStateChangedEvent, UnityEngine.UI,
      Version=1.0.0.0, Culture=neutral, PublicKeyToken=null
  m_FontData:
    m_Font: {fileID: 12800000, guid: 218956a5c2a6e42d6a60afccf80b002b, type: 3}
    m_FontSize: 40
    m_FontStyle: 0
    m_BestFit: 0
    m_MinSize: 10
    m_MaxSize: 40
    m_Alignment: 0
    m_AlignByGeometry: 0
    m_RichText: 1
    m_HorizontalOverflow: 0
    m_VerticalOverflow: 1
    m_LineSpacing: 1
  m_Text: APP SAMPLE TABLET
--- !u!222 &370810160
CanvasRenderer:
  m_ObjectHideFlags: 0
  m_PrefabParentObject: {fileID: 22279480, guid: 13155598da289b6468da0742062328f5,
    type: 2}
  m_PrefabInternal: {fileID: 1368200695}
  m_GameObject: {fileID: 370810157}
--- !u!1 &372079538
GameObject:
  m_ObjectHideFlags: 0
  m_PrefabParentObject: {fileID: 179488, guid: 13155598da289b6468da0742062328f5, type: 2}
  m_PrefabInternal: {fileID: 1368200695}
  serializedVersion: 4
  m_Component:
  - 224: {fileID: 372079539}
  - 222: {fileID: 372079541}
  - 114: {fileID: 372079540}
  m_Layer: 5
  m_Name: Text
  m_TagString: Untagged
  m_Icon: {fileID: 0}
  m_NavMeshLayer: 0
  m_StaticEditorFlags: 0
  m_IsActive: 1
--- !u!224 &372079539
RectTransform:
  m_ObjectHideFlags: 0
  m_PrefabParentObject: {fileID: 22479488, guid: 13155598da289b6468da0742062328f5,
    type: 2}
  m_PrefabInternal: {fileID: 1368200695}
  m_GameObject: {fileID: 372079538}
  m_LocalRotation: {x: 0, y: 0, z: 0, w: 1}
  m_LocalPosition: {x: 0, y: 0, z: 0}
  m_LocalScale: {x: 1, y: 1, z: 1}
  m_LocalEulerAnglesHint: {x: 0, y: 0, z: 0}
  m_Children: []
  m_Father: {fileID: 735142408}
  m_RootOrder: 3
  m_AnchorMin: {x: 0.5, y: 0.5}
  m_AnchorMax: {x: 0.5, y: 0.5}
  m_AnchoredPosition: {x: 0, y: -29}
  m_SizeDelta: {x: 211.06, y: 67}
  m_Pivot: {x: 0.5, y: 0.5}
--- !u!114 &372079540
MonoBehaviour:
  m_ObjectHideFlags: 0
  m_PrefabParentObject: {fileID: 11479484, guid: 13155598da289b6468da0742062328f5,
    type: 2}
  m_PrefabInternal: {fileID: 1368200695}
  m_GameObject: {fileID: 372079538}
  m_Enabled: 1
  m_EditorHideFlags: 0
  m_Script: {fileID: 708705254, guid: f5f67c52d1564df4a8936ccd202a3bd8, type: 3}
  m_Name: 
  m_EditorClassIdentifier: 
  m_Material: {fileID: 0}
  m_Color: {r: 0.9044118, g: 0.9044118, b: 0.9044118, a: 1}
  m_RaycastTarget: 1
  m_OnCullStateChanged:
    m_PersistentCalls:
      m_Calls: []
    m_TypeName: UnityEngine.UI.MaskableGraphic+CullStateChangedEvent, UnityEngine.UI,
      Version=1.0.0.0, Culture=neutral, PublicKeyToken=null
  m_FontData:
    m_Font: {fileID: 12800000, guid: bd1ea67ca2b5742d1a24fcbdc17c55e1, type: 3}
    m_FontSize: 45
    m_FontStyle: 0
    m_BestFit: 0
    m_MinSize: 10
    m_MaxSize: 45
    m_Alignment: 4
    m_AlignByGeometry: 0
    m_RichText: 1
    m_HorizontalOverflow: 0
    m_VerticalOverflow: 0
    m_LineSpacing: 1
  m_Text: Activities
--- !u!222 &372079541
CanvasRenderer:
  m_ObjectHideFlags: 0
  m_PrefabParentObject: {fileID: 22279488, guid: 13155598da289b6468da0742062328f5,
    type: 2}
  m_PrefabInternal: {fileID: 1368200695}
  m_GameObject: {fileID: 372079538}
--- !u!1 &415326879
GameObject:
  m_ObjectHideFlags: 0
  m_PrefabParentObject: {fileID: 179500, guid: 13155598da289b6468da0742062328f5, type: 2}
  m_PrefabInternal: {fileID: 1368200695}
  serializedVersion: 4
  m_Component:
  - 224: {fileID: 415326880}
  - 222: {fileID: 415326883}
  - 114: {fileID: 415326882}
  - 114: {fileID: 415326881}
  m_Layer: 5
  m_Name: Button
  m_TagString: Untagged
  m_Icon: {fileID: 0}
  m_NavMeshLayer: 0
  m_StaticEditorFlags: 0
  m_IsActive: 1
--- !u!224 &415326880
RectTransform:
  m_ObjectHideFlags: 0
  m_PrefabParentObject: {fileID: 22479500, guid: 13155598da289b6468da0742062328f5,
    type: 2}
  m_PrefabInternal: {fileID: 1368200695}
  m_GameObject: {fileID: 415326879}
  m_LocalRotation: {x: 0, y: 0, z: 1, w: -0.00000004371139}
  m_LocalPosition: {x: 0, y: 0, z: 0}
  m_LocalScale: {x: 1, y: 1, z: 1}
  m_LocalEulerAnglesHint: {x: 0, y: 0, z: 0}
  m_Children:
  - {fileID: 490152969}
  m_Father: {fileID: 877170659}
  m_RootOrder: 4
  m_AnchorMin: {x: 0.5, y: 0.5}
  m_AnchorMax: {x: 0.5, y: 0.5}
  m_AnchoredPosition: {x: -486.5, y: 751}
  m_SizeDelta: {x: 409, y: 100}
  m_Pivot: {x: 0.5, y: 0.5}
--- !u!114 &415326881
MonoBehaviour:
  m_ObjectHideFlags: 0
  m_PrefabParentObject: {fileID: 11479500, guid: 13155598da289b6468da0742062328f5,
    type: 2}
  m_PrefabInternal: {fileID: 1368200695}
  m_GameObject: {fileID: 415326879}
  m_Enabled: 1
  m_EditorHideFlags: 0
  m_Script: {fileID: 1392445389, guid: f5f67c52d1564df4a8936ccd202a3bd8, type: 3}
  m_Name: 
  m_EditorClassIdentifier: 
  m_Navigation:
    m_Mode: 3
    m_SelectOnUp: {fileID: 0}
    m_SelectOnDown: {fileID: 0}
    m_SelectOnLeft: {fileID: 0}
    m_SelectOnRight: {fileID: 0}
  m_Transition: 1
  m_Colors:
    m_NormalColor: {r: 1, g: 1, b: 1, a: 1}
    m_HighlightedColor: {r: 0.9607843, g: 0.9607843, b: 0.9607843, a: 1}
    m_PressedColor: {r: 0.78431374, g: 0.78431374, b: 0.78431374, a: 1}
    m_DisabledColor: {r: 0.78431374, g: 0.78431374, b: 0.78431374, a: 0.5019608}
    m_ColorMultiplier: 1
    m_FadeDuration: 0.1
  m_SpriteState:
    m_HighlightedSprite: {fileID: 0}
    m_PressedSprite: {fileID: 0}
    m_DisabledSprite: {fileID: 0}
  m_AnimationTriggers:
    m_NormalTrigger: Normal
    m_HighlightedTrigger: Highlighted
    m_PressedTrigger: Pressed
    m_DisabledTrigger: Disabled
  m_Interactable: 1
  m_TargetGraphic: {fileID: 415326882}
  m_OnClick:
    m_PersistentCalls:
      m_Calls: []
    m_TypeName: UnityEngine.UI.Button+ButtonClickedEvent, UnityEngine.UI, Version=1.0.0.0,
      Culture=neutral, PublicKeyToken=null
--- !u!114 &415326882
MonoBehaviour:
  m_ObjectHideFlags: 0
  m_PrefabParentObject: {fileID: 11479498, guid: 13155598da289b6468da0742062328f5,
    type: 2}
  m_PrefabInternal: {fileID: 1368200695}
  m_GameObject: {fileID: 415326879}
  m_Enabled: 1
  m_EditorHideFlags: 0
  m_Script: {fileID: -765806418, guid: f5f67c52d1564df4a8936ccd202a3bd8, type: 3}
  m_Name: 
  m_EditorClassIdentifier: 
  m_Material: {fileID: 0}
  m_Color: {r: 0.17165874, g: 0.9338235, b: 0.55536926, a: 1}
  m_RaycastTarget: 1
  m_OnCullStateChanged:
    m_PersistentCalls:
      m_Calls: []
    m_TypeName: UnityEngine.UI.MaskableGraphic+CullStateChangedEvent, UnityEngine.UI,
      Version=1.0.0.0, Culture=neutral, PublicKeyToken=null
  m_Sprite: {fileID: 21300000, guid: e2d222ff67f498a4ba4efc3d7ee2986a, type: 3}
  m_Type: 1
  m_PreserveAspect: 0
  m_FillCenter: 1
  m_FillMethod: 4
  m_FillAmount: 1
  m_FillClockwise: 1
  m_FillOrigin: 0
--- !u!222 &415326883
CanvasRenderer:
  m_ObjectHideFlags: 0
  m_PrefabParentObject: {fileID: 22279500, guid: 13155598da289b6468da0742062328f5,
    type: 2}
  m_PrefabInternal: {fileID: 1368200695}
  m_GameObject: {fileID: 415326879}
--- !u!1 &485662939
GameObject:
  m_ObjectHideFlags: 0
  m_PrefabParentObject: {fileID: 179482, guid: 13155598da289b6468da0742062328f5, type: 2}
  m_PrefabInternal: {fileID: 1368200695}
  serializedVersion: 4
  m_Component:
  - 224: {fileID: 485662940}
  - 222: {fileID: 485662942}
  - 114: {fileID: 485662941}
  m_Layer: 5
  m_Name: Text
  m_TagString: Untagged
  m_Icon: {fileID: 0}
  m_NavMeshLayer: 0
  m_StaticEditorFlags: 0
  m_IsActive: 1
--- !u!224 &485662940
RectTransform:
  m_ObjectHideFlags: 0
  m_PrefabParentObject: {fileID: 22479482, guid: 13155598da289b6468da0742062328f5,
    type: 2}
  m_PrefabInternal: {fileID: 1368200695}
  m_GameObject: {fileID: 485662939}
  m_LocalRotation: {x: 0, y: 0, z: 0, w: 1}
  m_LocalPosition: {x: 0, y: 0, z: 0}
  m_LocalScale: {x: 1, y: 1, z: 1}
  m_LocalEulerAnglesHint: {x: 0, y: 0, z: 0}
  m_Children: []
  m_Father: {fileID: 1033821052}
  m_RootOrder: 1
  m_AnchorMin: {x: 0.5, y: 0.5}
  m_AnchorMax: {x: 0.5, y: 0.5}
  m_AnchoredPosition: {x: 0, y: -39}
  m_SizeDelta: {x: 211.06, y: 67}
  m_Pivot: {x: 0.5, y: 0.5}
--- !u!114 &485662941
MonoBehaviour:
  m_ObjectHideFlags: 0
  m_PrefabParentObject: {fileID: 11479476, guid: 13155598da289b6468da0742062328f5,
    type: 2}
  m_PrefabInternal: {fileID: 1368200695}
  m_GameObject: {fileID: 485662939}
  m_Enabled: 1
  m_EditorHideFlags: 0
  m_Script: {fileID: 708705254, guid: f5f67c52d1564df4a8936ccd202a3bd8, type: 3}
  m_Name: 
  m_EditorClassIdentifier: 
  m_Material: {fileID: 0}
  m_Color: {r: 0.9044118, g: 0.9044118, b: 0.9044118, a: 1}
  m_RaycastTarget: 1
  m_OnCullStateChanged:
    m_PersistentCalls:
      m_Calls: []
    m_TypeName: UnityEngine.UI.MaskableGraphic+CullStateChangedEvent, UnityEngine.UI,
      Version=1.0.0.0, Culture=neutral, PublicKeyToken=null
  m_FontData:
    m_Font: {fileID: 12800000, guid: bd1ea67ca2b5742d1a24fcbdc17c55e1, type: 3}
    m_FontSize: 45
    m_FontStyle: 0
    m_BestFit: 0
    m_MinSize: 10
    m_MaxSize: 45
    m_Alignment: 4
    m_AlignByGeometry: 0
    m_RichText: 1
    m_HorizontalOverflow: 0
    m_VerticalOverflow: 0
    m_LineSpacing: 1
  m_Text: Music
--- !u!222 &485662942
CanvasRenderer:
  m_ObjectHideFlags: 0
  m_PrefabParentObject: {fileID: 22279484, guid: 13155598da289b6468da0742062328f5,
    type: 2}
  m_PrefabInternal: {fileID: 1368200695}
  m_GameObject: {fileID: 485662939}
--- !u!1 &490152968
GameObject:
  m_ObjectHideFlags: 0
  m_PrefabParentObject: {fileID: 179444, guid: 13155598da289b6468da0742062328f5, type: 2}
  m_PrefabInternal: {fileID: 1368200695}
  serializedVersion: 4
  m_Component:
  - 224: {fileID: 490152969}
  - 222: {fileID: 490152971}
  - 114: {fileID: 490152970}
  m_Layer: 5
  m_Name: Text
  m_TagString: Untagged
  m_Icon: {fileID: 0}
  m_NavMeshLayer: 0
  m_StaticEditorFlags: 0
  m_IsActive: 1
--- !u!224 &490152969
RectTransform:
  m_ObjectHideFlags: 0
  m_PrefabParentObject: {fileID: 22479444, guid: 13155598da289b6468da0742062328f5,
    type: 2}
  m_PrefabInternal: {fileID: 1368200695}
  m_GameObject: {fileID: 490152968}
  m_LocalRotation: {x: 0, y: 0, z: -1, w: -0.00000004371139}
  m_LocalPosition: {x: 0, y: 0, z: 0}
  m_LocalScale: {x: 1.25, y: 1.25, z: 1}
  m_LocalEulerAnglesHint: {x: 0, y: 0, z: 0}
  m_Children: []
  m_Father: {fileID: 415326880}
  m_RootOrder: 0
  m_AnchorMin: {x: 0.5, y: 0.5}
  m_AnchorMax: {x: 0.5, y: 0.5}
  m_AnchoredPosition: {x: 19.6, y: -1.2}
  m_SizeDelta: {x: 225, y: 95}
  m_Pivot: {x: 0.5, y: 0.5}
--- !u!114 &490152970
MonoBehaviour:
  m_ObjectHideFlags: 0
  m_PrefabParentObject: {fileID: 11479434, guid: 13155598da289b6468da0742062328f5,
    type: 2}
  m_PrefabInternal: {fileID: 1368200695}
  m_GameObject: {fileID: 490152968}
  m_Enabled: 1
  m_EditorHideFlags: 0
  m_Script: {fileID: 708705254, guid: f5f67c52d1564df4a8936ccd202a3bd8, type: 3}
  m_Name: 
  m_EditorClassIdentifier: 
  m_Material: {fileID: 0}
  m_Color: {r: 1, g: 1, b: 1, a: 1}
  m_RaycastTarget: 1
  m_OnCullStateChanged:
    m_PersistentCalls:
      m_Calls: []
    m_TypeName: UnityEngine.UI.MaskableGraphic+CullStateChangedEvent, UnityEngine.UI,
      Version=1.0.0.0, Culture=neutral, PublicKeyToken=null
  m_FontData:
    m_Font: {fileID: 12800000, guid: 218956a5c2a6e42d6a60afccf80b002b, type: 3}
    m_FontSize: 40
    m_FontStyle: 0
    m_BestFit: 0
    m_MinSize: 10
    m_MaxSize: 40
    m_Alignment: 4
    m_AlignByGeometry: 0
    m_RichText: 1
    m_HorizontalOverflow: 0
    m_VerticalOverflow: 0
    m_LineSpacing: 1
  m_Text: Charts
--- !u!222 &490152971
CanvasRenderer:
  m_ObjectHideFlags: 0
  m_PrefabParentObject: {fileID: 22279446, guid: 13155598da289b6468da0742062328f5,
    type: 2}
  m_PrefabInternal: {fileID: 1368200695}
  m_GameObject: {fileID: 490152968}
--- !u!1 &503347794
GameObject:
  m_ObjectHideFlags: 0
  m_PrefabParentObject: {fileID: 179492, guid: 13155598da289b6468da0742062328f5, type: 2}
  m_PrefabInternal: {fileID: 1368200695}
  serializedVersion: 4
  m_Component:
  - 224: {fileID: 503347795}
  - 222: {fileID: 503347797}
  - 114: {fileID: 503347796}
  m_Layer: 5
  m_Name: Image
  m_TagString: Untagged
  m_Icon: {fileID: 0}
  m_NavMeshLayer: 0
  m_StaticEditorFlags: 0
  m_IsActive: 1
--- !u!224 &503347795
RectTransform:
  m_ObjectHideFlags: 0
  m_PrefabParentObject: {fileID: 22479492, guid: 13155598da289b6468da0742062328f5,
    type: 2}
  m_PrefabInternal: {fileID: 1368200695}
  m_GameObject: {fileID: 503347794}
  m_LocalRotation: {x: 0, y: 0, z: 0, w: 1}
  m_LocalPosition: {x: 0, y: 0, z: 0}
  m_LocalScale: {x: 1, y: 1, z: 1}
  m_LocalEulerAnglesHint: {x: 0, y: 0, z: 0}
  m_Children: []
  m_Father: {fileID: 138322411}
  m_RootOrder: 0
  m_AnchorMin: {x: 0.5, y: 0.5}
  m_AnchorMax: {x: 0.5, y: 0.5}
  m_AnchoredPosition: {x: 0, y: 34}
  m_SizeDelta: {x: 72, y: 96}
  m_Pivot: {x: 0.5, y: 0.5}
--- !u!114 &503347796
MonoBehaviour:
  m_ObjectHideFlags: 0
  m_PrefabParentObject: {fileID: 11479488, guid: 13155598da289b6468da0742062328f5,
    type: 2}
  m_PrefabInternal: {fileID: 1368200695}
  m_GameObject: {fileID: 503347794}
  m_Enabled: 1
  m_EditorHideFlags: 0
  m_Script: {fileID: -765806418, guid: f5f67c52d1564df4a8936ccd202a3bd8, type: 3}
  m_Name: 
  m_EditorClassIdentifier: 
  m_Material: {fileID: 0}
  m_Color: {r: 0.99215686, g: 0.4509804, b: 0.44313726, a: 1}
  m_RaycastTarget: 1
  m_OnCullStateChanged:
    m_PersistentCalls:
      m_Calls: []
    m_TypeName: UnityEngine.UI.MaskableGraphic+CullStateChangedEvent, UnityEngine.UI,
      Version=1.0.0.0, Culture=neutral, PublicKeyToken=null
  m_Sprite: {fileID: 21300000, guid: fb6814f50822dea4fad9a97dc6bd8e67, type: 3}
  m_Type: 0
  m_PreserveAspect: 0
  m_FillCenter: 1
  m_FillMethod: 4
  m_FillAmount: 1
  m_FillClockwise: 1
  m_FillOrigin: 0
--- !u!222 &503347797
CanvasRenderer:
  m_ObjectHideFlags: 0
  m_PrefabParentObject: {fileID: 22279492, guid: 13155598da289b6468da0742062328f5,
    type: 2}
  m_PrefabInternal: {fileID: 1368200695}
  m_GameObject: {fileID: 503347794}
--- !u!1 &535750549
GameObject:
  m_ObjectHideFlags: 0
  m_PrefabParentObject: {fileID: 179490, guid: 13155598da289b6468da0742062328f5, type: 2}
  m_PrefabInternal: {fileID: 1368200695}
  serializedVersion: 4
  m_Component:
  - 224: {fileID: 535750550}
  - 222: {fileID: 535750552}
  - 114: {fileID: 535750551}
  m_Layer: 5
  m_Name: FillingObject
  m_TagString: Untagged
  m_Icon: {fileID: 0}
  m_NavMeshLayer: 0
  m_StaticEditorFlags: 0
  m_IsActive: 1
--- !u!224 &535750550
RectTransform:
  m_ObjectHideFlags: 0
  m_PrefabParentObject: {fileID: 22479490, guid: 13155598da289b6468da0742062328f5,
    type: 2}
  m_PrefabInternal: {fileID: 1368200695}
  m_GameObject: {fileID: 535750549}
  m_LocalRotation: {x: 0, y: 0, z: 0, w: 1}
  m_LocalPosition: {x: 0, y: 0, z: 0}
  m_LocalScale: {x: 1, y: 1, z: 1}
  m_LocalEulerAnglesHint: {x: 0, y: 0, z: 0}
  m_Children:
  - {fileID: 1424014194}
  m_Father: {fileID: 824216604}
  m_RootOrder: 0
  m_AnchorMin: {x: 0.5, y: 0.5}
  m_AnchorMax: {x: 0.5, y: 0.5}
  m_AnchoredPosition: {x: 0, y: 0}
  m_SizeDelta: {x: 525, y: 525}
  m_Pivot: {x: 0.5, y: 0.5}
--- !u!114 &535750551
MonoBehaviour:
  m_ObjectHideFlags: 0
  m_PrefabParentObject: {fileID: 11479486, guid: 13155598da289b6468da0742062328f5,
    type: 2}
  m_PrefabInternal: {fileID: 1368200695}
  m_GameObject: {fileID: 535750549}
  m_Enabled: 1
  m_EditorHideFlags: 0
  m_Script: {fileID: -765806418, guid: f5f67c52d1564df4a8936ccd202a3bd8, type: 3}
  m_Name: 
  m_EditorClassIdentifier: 
  m_Material: {fileID: 0}
  m_Color: {r: 0.99215686, g: 0.4509804, b: 0.44313726, a: 1}
  m_RaycastTarget: 1
  m_OnCullStateChanged:
    m_PersistentCalls:
      m_Calls: []
    m_TypeName: UnityEngine.UI.MaskableGraphic+CullStateChangedEvent, UnityEngine.UI,
      Version=1.0.0.0, Culture=neutral, PublicKeyToken=null
  m_Sprite: {fileID: 21300000, guid: c6157dc9c292b704b93e50622ca4095f, type: 3}
  m_Type: 3
  m_PreserveAspect: 0
  m_FillCenter: 1
  m_FillMethod: 4
  m_FillAmount: 0.085
  m_FillClockwise: 1
  m_FillOrigin: 2
--- !u!222 &535750552
CanvasRenderer:
  m_ObjectHideFlags: 0
  m_PrefabParentObject: {fileID: 22279490, guid: 13155598da289b6468da0742062328f5,
    type: 2}
  m_PrefabInternal: {fileID: 1368200695}
  m_GameObject: {fileID: 535750549}
--- !u!1 &694589044
GameObject:
  m_ObjectHideFlags: 0
  m_PrefabParentObject: {fileID: 179494, guid: 13155598da289b6468da0742062328f5, type: 2}
  m_PrefabInternal: {fileID: 1368200695}
  serializedVersion: 4
  m_Component:
  - 224: {fileID: 694589045}
  - 222: {fileID: 694589048}
  - 114: {fileID: 694589047}
  - 114: {fileID: 694589046}
  m_Layer: 5
  m_Name: Button
  m_TagString: Untagged
  m_Icon: {fileID: 0}
  m_NavMeshLayer: 0
  m_StaticEditorFlags: 0
  m_IsActive: 1
--- !u!224 &694589045
RectTransform:
  m_ObjectHideFlags: 0
  m_PrefabParentObject: {fileID: 22479494, guid: 13155598da289b6468da0742062328f5,
    type: 2}
  m_PrefabInternal: {fileID: 1368200695}
  m_GameObject: {fileID: 694589044}
  m_LocalRotation: {x: 0, y: 0, z: 0, w: 1}
  m_LocalPosition: {x: 0, y: 0, z: 0}
  m_LocalScale: {x: 1, y: 1, z: 1}
  m_LocalEulerAnglesHint: {x: 0, y: 0, z: 0}
  m_Children: []
  m_Father: {fileID: 877170659}
  m_RootOrder: 1
  m_AnchorMin: {x: 0.5, y: 0.5}
  m_AnchorMax: {x: 0.5, y: 0.5}
  m_AnchoredPosition: {x: -644, y: 917}
  m_SizeDelta: {x: 94, y: 24}
  m_Pivot: {x: 0.5, y: 0.5}
--- !u!114 &694589046
MonoBehaviour:
  m_ObjectHideFlags: 0
  m_PrefabParentObject: {fileID: 11479492, guid: 13155598da289b6468da0742062328f5,
    type: 2}
  m_PrefabInternal: {fileID: 1368200695}
  m_GameObject: {fileID: 694589044}
  m_Enabled: 1
  m_EditorHideFlags: 0
  m_Script: {fileID: 1392445389, guid: f5f67c52d1564df4a8936ccd202a3bd8, type: 3}
  m_Name: 
  m_EditorClassIdentifier: 
  m_Navigation:
    m_Mode: 3
    m_SelectOnUp: {fileID: 0}
    m_SelectOnDown: {fileID: 0}
    m_SelectOnLeft: {fileID: 0}
    m_SelectOnRight: {fileID: 0}
  m_Transition: 1
  m_Colors:
    m_NormalColor: {r: 1, g: 1, b: 1, a: 1}
    m_HighlightedColor: {r: 0.9607843, g: 0.9607843, b: 0.9607843, a: 1}
    m_PressedColor: {r: 0.78431374, g: 0.78431374, b: 0.78431374, a: 1}
    m_DisabledColor: {r: 0.78431374, g: 0.78431374, b: 0.78431374, a: 0.5019608}
    m_ColorMultiplier: 1
    m_FadeDuration: 0.1
  m_SpriteState:
    m_HighlightedSprite: {fileID: 0}
    m_PressedSprite: {fileID: 0}
    m_DisabledSprite: {fileID: 0}
  m_AnimationTriggers:
    m_NormalTrigger: Normal
    m_HighlightedTrigger: Highlighted
    m_PressedTrigger: Pressed
    m_DisabledTrigger: Disabled
  m_Interactable: 1
  m_TargetGraphic: {fileID: 694589047}
  m_OnClick:
    m_PersistentCalls:
      m_Calls: []
    m_TypeName: UnityEngine.UI.Button+ButtonClickedEvent, UnityEngine.UI, Version=1.0.0.0,
      Culture=neutral, PublicKeyToken=null
--- !u!114 &694589047
MonoBehaviour:
  m_ObjectHideFlags: 0
  m_PrefabParentObject: {fileID: 11479490, guid: 13155598da289b6468da0742062328f5,
    type: 2}
  m_PrefabInternal: {fileID: 1368200695}
  m_GameObject: {fileID: 694589044}
  m_Enabled: 1
  m_EditorHideFlags: 0
  m_Script: {fileID: -765806418, guid: f5f67c52d1564df4a8936ccd202a3bd8, type: 3}
  m_Name: 
  m_EditorClassIdentifier: 
  m_Material: {fileID: 0}
  m_Color: {r: 1, g: 1, b: 1, a: 1}
  m_RaycastTarget: 1
  m_OnCullStateChanged:
    m_PersistentCalls:
      m_Calls: []
    m_TypeName: UnityEngine.UI.MaskableGraphic+CullStateChangedEvent, UnityEngine.UI,
      Version=1.0.0.0, Culture=neutral, PublicKeyToken=null
  m_Sprite: {fileID: 21300000, guid: c115c1e6147bc1442a3f57e1c0d1406e, type: 3}
  m_Type: 0
  m_PreserveAspect: 0
  m_FillCenter: 1
  m_FillMethod: 4
  m_FillAmount: 1
  m_FillClockwise: 1
  m_FillOrigin: 0
--- !u!222 &694589048
CanvasRenderer:
  m_ObjectHideFlags: 0
  m_PrefabParentObject: {fileID: 22279494, guid: 13155598da289b6468da0742062328f5,
    type: 2}
  m_PrefabInternal: {fileID: 1368200695}
  m_GameObject: {fileID: 694589044}
--- !u!1 &699166303
GameObject:
  m_ObjectHideFlags: 0
  m_PrefabParentObject: {fileID: 179460, guid: 13155598da289b6468da0742062328f5, type: 2}
  m_PrefabInternal: {fileID: 1368200695}
  serializedVersion: 4
  m_Component:
  - 224: {fileID: 699166304}
  - 222: {fileID: 699166306}
  - 114: {fileID: 699166305}
  m_Layer: 5
  m_Name: Text
  m_TagString: Untagged
  m_Icon: {fileID: 0}
  m_NavMeshLayer: 0
  m_StaticEditorFlags: 0
  m_IsActive: 1
--- !u!224 &699166304
RectTransform:
  m_ObjectHideFlags: 0
  m_PrefabParentObject: {fileID: 22479460, guid: 13155598da289b6468da0742062328f5,
    type: 2}
  m_PrefabInternal: {fileID: 1368200695}
  m_GameObject: {fileID: 699166303}
  m_LocalRotation: {x: 0, y: 0, z: 0, w: 1}
  m_LocalPosition: {x: 0, y: 0, z: 0}
  m_LocalScale: {x: 1, y: 1, z: 1}
  m_LocalEulerAnglesHint: {x: 0, y: 0, z: 0}
  m_Children: []
  m_Father: {fileID: 824216604}
  m_RootOrder: 1
  m_AnchorMin: {x: 0.5, y: 0.5}
  m_AnchorMax: {x: 0.5, y: 0.5}
  m_AnchoredPosition: {x: 0, y: -39}
  m_SizeDelta: {x: 211.06, y: 67}
  m_Pivot: {x: 0.5, y: 0.5}
--- !u!114 &699166305
MonoBehaviour:
  m_ObjectHideFlags: 0
  m_PrefabParentObject: {fileID: 11479452, guid: 13155598da289b6468da0742062328f5,
    type: 2}
  m_PrefabInternal: {fileID: 1368200695}
  m_GameObject: {fileID: 699166303}
  m_Enabled: 1
  m_EditorHideFlags: 0
  m_Script: {fileID: 708705254, guid: f5f67c52d1564df4a8936ccd202a3bd8, type: 3}
  m_Name: 
  m_EditorClassIdentifier: 
  m_Material: {fileID: 0}
  m_Color: {r: 0.9044118, g: 0.9044118, b: 0.9044118, a: 1}
  m_RaycastTarget: 1
  m_OnCullStateChanged:
    m_PersistentCalls:
      m_Calls: []
    m_TypeName: UnityEngine.UI.MaskableGraphic+CullStateChangedEvent, UnityEngine.UI,
      Version=1.0.0.0, Culture=neutral, PublicKeyToken=null
  m_FontData:
    m_Font: {fileID: 12800000, guid: bd1ea67ca2b5742d1a24fcbdc17c55e1, type: 3}
    m_FontSize: 45
    m_FontStyle: 0
    m_BestFit: 0
    m_MinSize: 10
    m_MaxSize: 45
    m_Alignment: 4
    m_AlignByGeometry: 0
    m_RichText: 1
    m_HorizontalOverflow: 0
    m_VerticalOverflow: 0
    m_LineSpacing: 1
  m_Text: Pictures
--- !u!222 &699166306
CanvasRenderer:
  m_ObjectHideFlags: 0
  m_PrefabParentObject: {fileID: 22279462, guid: 13155598da289b6468da0742062328f5,
    type: 2}
  m_PrefabInternal: {fileID: 1368200695}
  m_GameObject: {fileID: 699166303}
--- !u!1 &719246802
GameObject:
  m_ObjectHideFlags: 0
  m_PrefabParentObject: {fileID: 179446, guid: 13155598da289b6468da0742062328f5, type: 2}
  m_PrefabInternal: {fileID: 1368200695}
  serializedVersion: 4
  m_Component:
  - 224: {fileID: 719246803}
  - 222: {fileID: 719246805}
  - 114: {fileID: 719246804}
  m_Layer: 5
  m_Name: Text
  m_TagString: Untagged
  m_Icon: {fileID: 0}
  m_NavMeshLayer: 0
  m_StaticEditorFlags: 0
  m_IsActive: 1
--- !u!224 &719246803
RectTransform:
  m_ObjectHideFlags: 0
  m_PrefabParentObject: {fileID: 22479446, guid: 13155598da289b6468da0742062328f5,
    type: 2}
  m_PrefabInternal: {fileID: 1368200695}
  m_GameObject: {fileID: 719246802}
  m_LocalRotation: {x: 0, y: 0, z: 0, w: 1}
  m_LocalPosition: {x: 0, y: 0, z: 0}
  m_LocalScale: {x: 1, y: 1, z: 1}
  m_LocalEulerAnglesHint: {x: 0, y: 0, z: 0}
  m_Children: []
  m_Father: {fileID: 720309815}
  m_RootOrder: 2
  m_AnchorMin: {x: 0.5, y: 0.5}
  m_AnchorMax: {x: 0.5, y: 0.5}
  m_AnchoredPosition: {x: 0, y: -29}
  m_SizeDelta: {x: 211.06, y: 67}
  m_Pivot: {x: 0.5, y: 0.5}
--- !u!114 &719246804
MonoBehaviour:
  m_ObjectHideFlags: 0
  m_PrefabParentObject: {fileID: 11479436, guid: 13155598da289b6468da0742062328f5,
    type: 2}
  m_PrefabInternal: {fileID: 1368200695}
  m_GameObject: {fileID: 719246802}
  m_Enabled: 1
  m_EditorHideFlags: 0
  m_Script: {fileID: 708705254, guid: f5f67c52d1564df4a8936ccd202a3bd8, type: 3}
  m_Name: 
  m_EditorClassIdentifier: 
  m_Material: {fileID: 0}
  m_Color: {r: 0.9044118, g: 0.9044118, b: 0.9044118, a: 1}
  m_RaycastTarget: 1
  m_OnCullStateChanged:
    m_PersistentCalls:
      m_Calls: []
    m_TypeName: UnityEngine.UI.MaskableGraphic+CullStateChangedEvent, UnityEngine.UI,
      Version=1.0.0.0, Culture=neutral, PublicKeyToken=null
  m_FontData:
    m_Font: {fileID: 12800000, guid: bd1ea67ca2b5742d1a24fcbdc17c55e1, type: 3}
    m_FontSize: 45
    m_FontStyle: 0
    m_BestFit: 0
    m_MinSize: 10
    m_MaxSize: 45
    m_Alignment: 4
    m_AlignByGeometry: 0
    m_RichText: 1
    m_HorizontalOverflow: 0
    m_VerticalOverflow: 0
    m_LineSpacing: 1
  m_Text: Calories
--- !u!222 &719246805
CanvasRenderer:
  m_ObjectHideFlags: 0
  m_PrefabParentObject: {fileID: 22279448, guid: 13155598da289b6468da0742062328f5,
    type: 2}
  m_PrefabInternal: {fileID: 1368200695}
  m_GameObject: {fileID: 719246802}
--- !u!1 &720309814
GameObject:
  m_ObjectHideFlags: 0
  m_PrefabParentObject: {fileID: 179502, guid: 13155598da289b6468da0742062328f5, type: 2}
  m_PrefabInternal: {fileID: 1368200695}
  serializedVersion: 4
  m_Component:
  - 224: {fileID: 720309815}
  - 222: {fileID: 720309817}
  - 114: {fileID: 720309816}
  m_Layer: 5
  m_Name: FillingObject
  m_TagString: Untagged
  m_Icon: {fileID: 0}
  m_NavMeshLayer: 0
  m_StaticEditorFlags: 0
  m_IsActive: 1
--- !u!224 &720309815
RectTransform:
  m_ObjectHideFlags: 0
  m_PrefabParentObject: {fileID: 22479502, guid: 13155598da289b6468da0742062328f5,
    type: 2}
  m_PrefabInternal: {fileID: 1368200695}
  m_GameObject: {fileID: 720309814}
  m_LocalRotation: {x: 0, y: 0, z: 0, w: 1}
  m_LocalPosition: {x: 0, y: 0, z: 0}
  m_LocalScale: {x: 1, y: 1, z: 1}
  m_LocalEulerAnglesHint: {x: 0, y: 0, z: 0}
  m_Children:
  - {fileID: 2006008129}
  - {fileID: 1122258260}
  - {fileID: 719246803}
  - {fileID: 2067055351}
  m_Father: {fileID: 877170659}
  m_RootOrder: 6
  m_AnchorMin: {x: 0.5, y: 0.5}
  m_AnchorMax: {x: 0.5, y: 0.5}
  m_AnchoredPosition: {x: 344, y: 276}
  m_SizeDelta: {x: 472, y: 472}
  m_Pivot: {x: 0.5, y: 0.5}
--- !u!114 &720309816
MonoBehaviour:
  m_ObjectHideFlags: 0
  m_PrefabParentObject: {fileID: 11479502, guid: 13155598da289b6468da0742062328f5,
    type: 2}
  m_PrefabInternal: {fileID: 1368200695}
  m_GameObject: {fileID: 720309814}
  m_Enabled: 1
  m_EditorHideFlags: 0
  m_Script: {fileID: -765806418, guid: f5f67c52d1564df4a8936ccd202a3bd8, type: 3}
  m_Name: 
  m_EditorClassIdentifier: 
  m_Material: {fileID: 0}
  m_Color: {r: 0.13854672, g: 0.14440073, b: 0.15294118, a: 1}
  m_RaycastTarget: 1
  m_OnCullStateChanged:
    m_PersistentCalls:
      m_Calls: []
    m_TypeName: UnityEngine.UI.MaskableGraphic+CullStateChangedEvent, UnityEngine.UI,
      Version=1.0.0.0, Culture=neutral, PublicKeyToken=null
  m_Sprite: {fileID: 21300000, guid: 0796c5d7e7e637d40a42ad4deab007c5, type: 3}
  m_Type: 3
  m_PreserveAspect: 0
  m_FillCenter: 1
  m_FillMethod: 4
  m_FillAmount: 1
  m_FillClockwise: 1
  m_FillOrigin: 2
--- !u!222 &720309817
CanvasRenderer:
  m_ObjectHideFlags: 0
  m_PrefabParentObject: {fileID: 22279502, guid: 13155598da289b6468da0742062328f5,
    type: 2}
  m_PrefabInternal: {fileID: 1368200695}
  m_GameObject: {fileID: 720309814}
--- !u!1 &735142407
GameObject:
  m_ObjectHideFlags: 0
  m_PrefabParentObject: {fileID: 179458, guid: 13155598da289b6468da0742062328f5, type: 2}
  m_PrefabInternal: {fileID: 1368200695}
  serializedVersion: 4
  m_Component:
  - 224: {fileID: 735142408}
  - 222: {fileID: 735142410}
  - 114: {fileID: 735142409}
  m_Layer: 5
  m_Name: FillingObject
  m_TagString: Untagged
  m_Icon: {fileID: 0}
  m_NavMeshLayer: 0
  m_StaticEditorFlags: 0
  m_IsActive: 1
--- !u!224 &735142408
RectTransform:
  m_ObjectHideFlags: 0
  m_PrefabParentObject: {fileID: 22479458, guid: 13155598da289b6468da0742062328f5,
    type: 2}
  m_PrefabInternal: {fileID: 1368200695}
  m_GameObject: {fileID: 735142407}
  m_LocalRotation: {x: 0, y: 0, z: 0, w: 1}
  m_LocalPosition: {x: 0, y: 0, z: 0}
  m_LocalScale: {x: 1, y: 1, z: 1}
  m_LocalEulerAnglesHint: {x: 0, y: 0, z: 0}
  m_Children:
  - {fileID: 1457288070}
  - {fileID: 965185160}
  - {fileID: 1808511863}
  - {fileID: 372079539}
  - {fileID: 1984114429}
  m_Father: {fileID: 877170659}
  m_RootOrder: 5
  m_AnchorMin: {x: 0.5, y: 0.5}
  m_AnchorMax: {x: 0.5, y: 0.5}
  m_AnchoredPosition: {x: -310, y: 276}
  m_SizeDelta: {x: 472, y: 472}
  m_Pivot: {x: 0.5, y: 0.5}
--- !u!114 &735142409
MonoBehaviour:
  m_ObjectHideFlags: 0
  m_PrefabParentObject: {fileID: 11479450, guid: 13155598da289b6468da0742062328f5,
    type: 2}
  m_PrefabInternal: {fileID: 1368200695}
  m_GameObject: {fileID: 735142407}
  m_Enabled: 1
  m_EditorHideFlags: 0
  m_Script: {fileID: -765806418, guid: f5f67c52d1564df4a8936ccd202a3bd8, type: 3}
  m_Name: 
  m_EditorClassIdentifier: 
  m_Material: {fileID: 0}
  m_Color: {r: 0.13854672, g: 0.14440073, b: 0.15294118, a: 1}
  m_RaycastTarget: 1
  m_OnCullStateChanged:
    m_PersistentCalls:
      m_Calls: []
    m_TypeName: UnityEngine.UI.MaskableGraphic+CullStateChangedEvent, UnityEngine.UI,
      Version=1.0.0.0, Culture=neutral, PublicKeyToken=null
  m_Sprite: {fileID: 21300000, guid: 0796c5d7e7e637d40a42ad4deab007c5, type: 3}
  m_Type: 3
  m_PreserveAspect: 0
  m_FillCenter: 1
  m_FillMethod: 4
  m_FillAmount: 1
  m_FillClockwise: 1
  m_FillOrigin: 2
--- !u!222 &735142410
CanvasRenderer:
  m_ObjectHideFlags: 0
  m_PrefabParentObject: {fileID: 22279460, guid: 13155598da289b6468da0742062328f5,
    type: 2}
  m_PrefabInternal: {fileID: 1368200695}
  m_GameObject: {fileID: 735142407}
--- !u!1 &758413913
GameObject:
  m_ObjectHideFlags: 0
  m_PrefabParentObject: {fileID: 179470, guid: 13155598da289b6468da0742062328f5, type: 2}
  m_PrefabInternal: {fileID: 1368200695}
  serializedVersion: 4
  m_Component:
  - 224: {fileID: 758413914}
  - 222: {fileID: 758413916}
  - 114: {fileID: 758413915}
  m_Layer: 5
  m_Name: Text
  m_TagString: Untagged
  m_Icon: {fileID: 0}
  m_NavMeshLayer: 0
  m_StaticEditorFlags: 0
  m_IsActive: 1
--- !u!224 &758413914
RectTransform:
  m_ObjectHideFlags: 0
  m_PrefabParentObject: {fileID: 22479470, guid: 13155598da289b6468da0742062328f5,
    type: 2}
  m_PrefabInternal: {fileID: 1368200695}
  m_GameObject: {fileID: 758413913}
  m_LocalRotation: {x: 0, y: 0, z: 0, w: 1}
  m_LocalPosition: {x: 0, y: 0, z: 0}
  m_LocalScale: {x: 1, y: 1, z: 1}
  m_LocalEulerAnglesHint: {x: 0, y: 0, z: 0}
  m_Children: []
  m_Father: {fileID: 877170659}
  m_RootOrder: 3
  m_AnchorMin: {x: 0.5, y: 0.5}
  m_AnchorMax: {x: 0.5, y: 0.5}
  m_AnchoredPosition: {x: 0, y: 917}
  m_SizeDelta: {x: 356, y: 142}
  m_Pivot: {x: 0.5, y: 0.5}
--- !u!114 &758413915
MonoBehaviour:
  m_ObjectHideFlags: 0
  m_PrefabParentObject: {fileID: 11479462, guid: 13155598da289b6468da0742062328f5,
    type: 2}
  m_PrefabInternal: {fileID: 1368200695}
  m_GameObject: {fileID: 758413913}
  m_Enabled: 1
  m_EditorHideFlags: 0
  m_Script: {fileID: 708705254, guid: f5f67c52d1564df4a8936ccd202a3bd8, type: 3}
  m_Name: 
  m_EditorClassIdentifier: 
  m_Material: {fileID: 0}
  m_Color: {r: 1, g: 1, b: 1, a: 1}
  m_RaycastTarget: 1
  m_OnCullStateChanged:
    m_PersistentCalls:
      m_Calls: []
    m_TypeName: UnityEngine.UI.MaskableGraphic+CullStateChangedEvent, UnityEngine.UI,
      Version=1.0.0.0, Culture=neutral, PublicKeyToken=null
  m_FontData:
    m_Font: {fileID: 12800000, guid: 7dfc2e1472ac84e1bb749a8a9f934483, type: 3}
    m_FontSize: 35
    m_FontStyle: 0
    m_BestFit: 0
    m_MinSize: 10
    m_MaxSize: 40
    m_Alignment: 4
    m_AlignByGeometry: 0
    m_RichText: 1
    m_HorizontalOverflow: 0
    m_VerticalOverflow: 0
    m_LineSpacing: 1
  m_Text: beffio
--- !u!222 &758413916
CanvasRenderer:
  m_ObjectHideFlags: 0
  m_PrefabParentObject: {fileID: 22279472, guid: 13155598da289b6468da0742062328f5,
    type: 2}
  m_PrefabInternal: {fileID: 1368200695}
  m_GameObject: {fileID: 758413913}
--- !u!1 &824216603
GameObject:
  m_ObjectHideFlags: 0
  m_PrefabParentObject: {fileID: 179472, guid: 13155598da289b6468da0742062328f5, type: 2}
  m_PrefabInternal: {fileID: 1368200695}
  serializedVersion: 4
  m_Component:
  - 224: {fileID: 824216604}
  - 222: {fileID: 824216606}
  - 114: {fileID: 824216605}
  m_Layer: 5
  m_Name: FillingObject
  m_TagString: Untagged
  m_Icon: {fileID: 0}
  m_NavMeshLayer: 0
  m_StaticEditorFlags: 0
  m_IsActive: 1
--- !u!224 &824216604
RectTransform:
  m_ObjectHideFlags: 0
  m_PrefabParentObject: {fileID: 22479472, guid: 13155598da289b6468da0742062328f5,
    type: 2}
  m_PrefabInternal: {fileID: 1368200695}
  m_GameObject: {fileID: 824216603}
  m_LocalRotation: {x: 0, y: 0, z: 0, w: 1}
  m_LocalPosition: {x: 0, y: 0, z: 0}
  m_LocalScale: {x: 1, y: 1, z: 1}
  m_LocalEulerAnglesHint: {x: 0, y: 0, z: 0}
  m_Children:
  - {fileID: 535750550}
  - {fileID: 699166304}
  - {fileID: 878919788}
  m_Father: {fileID: 877170659}
  m_RootOrder: 7
  m_AnchorMin: {x: 0.5, y: 0.5}
  m_AnchorMax: {x: 0.5, y: 0.5}
  m_AnchoredPosition: {x: -339, y: -505}
  m_SizeDelta: {x: 472, y: 472}
  m_Pivot: {x: 0.5, y: 0.5}
--- !u!114 &824216605
MonoBehaviour:
  m_ObjectHideFlags: 0
  m_PrefabParentObject: {fileID: 11479464, guid: 13155598da289b6468da0742062328f5,
    type: 2}
  m_PrefabInternal: {fileID: 1368200695}
  m_GameObject: {fileID: 824216603}
  m_Enabled: 1
  m_EditorHideFlags: 0
  m_Script: {fileID: -765806418, guid: f5f67c52d1564df4a8936ccd202a3bd8, type: 3}
  m_Name: 
  m_EditorClassIdentifier: 
  m_Material: {fileID: 0}
  m_Color: {r: 0.13854672, g: 0.14440073, b: 0.15294118, a: 1}
  m_RaycastTarget: 1
  m_OnCullStateChanged:
    m_PersistentCalls:
      m_Calls: []
    m_TypeName: UnityEngine.UI.MaskableGraphic+CullStateChangedEvent, UnityEngine.UI,
      Version=1.0.0.0, Culture=neutral, PublicKeyToken=null
  m_Sprite: {fileID: 21300000, guid: 0796c5d7e7e637d40a42ad4deab007c5, type: 3}
  m_Type: 3
  m_PreserveAspect: 0
  m_FillCenter: 1
  m_FillMethod: 4
  m_FillAmount: 1
  m_FillClockwise: 1
  m_FillOrigin: 2
--- !u!222 &824216606
CanvasRenderer:
  m_ObjectHideFlags: 0
  m_PrefabParentObject: {fileID: 22279474, guid: 13155598da289b6468da0742062328f5,
    type: 2}
  m_PrefabInternal: {fileID: 1368200695}
  m_GameObject: {fileID: 824216603}
--- !u!1 &877170658
GameObject:
  m_ObjectHideFlags: 0
  m_PrefabParentObject: {fileID: 179450, guid: 13155598da289b6468da0742062328f5, type: 2}
  m_PrefabInternal: {fileID: 1368200695}
  serializedVersion: 4
  m_Component:
  - 224: {fileID: 877170659}
  - 222: {fileID: 877170662}
  - 114: {fileID: 877170661}
  - 114: {fileID: 877170660}
  m_Layer: 5
  m_Name: Panel
  m_TagString: Untagged
  m_Icon: {fileID: 0}
  m_NavMeshLayer: 0
  m_StaticEditorFlags: 0
  m_IsActive: 1
--- !u!224 &877170659
RectTransform:
  m_ObjectHideFlags: 0
  m_PrefabParentObject: {fileID: 22479450, guid: 13155598da289b6468da0742062328f5,
    type: 2}
  m_PrefabInternal: {fileID: 1368200695}
  m_GameObject: {fileID: 877170658}
  m_LocalRotation: {x: 0, y: 0, z: 0, w: 1}
  m_LocalPosition: {x: 0, y: 0, z: 0}
  m_LocalScale: {x: 1, y: 1, z: 1}
  m_LocalEulerAnglesHint: {x: 0, y: 0, z: 0}
  m_Children:
  - {fileID: 983620702}
  - {fileID: 694589045}
  - {fileID: 232125603}
  - {fileID: 758413914}
  - {fileID: 415326880}
  - {fileID: 735142408}
  - {fileID: 720309815}
  - {fileID: 824216604}
  - {fileID: 1033821052}
  m_Father: {fileID: 1462251532}
  m_RootOrder: 1
  m_AnchorMin: {x: 0.5, y: 0.5}
  m_AnchorMax: {x: 0.5, y: 0.5}
  m_AnchoredPosition: {x: 0, y: 0}
  m_SizeDelta: {x: 1536, y: 2048}
  m_Pivot: {x: 0.5, y: 0.5}
--- !u!114 &877170660
MonoBehaviour:
  m_ObjectHideFlags: 0
  m_PrefabParentObject: {fileID: 11479442, guid: 13155598da289b6468da0742062328f5,
    type: 2}
  m_PrefabInternal: {fileID: 1368200695}
  m_GameObject: {fileID: 877170658}
  m_Enabled: 1
  m_EditorHideFlags: 0
  m_Script: {fileID: -1200242548, guid: f5f67c52d1564df4a8936ccd202a3bd8, type: 3}
  m_Name: 
  m_EditorClassIdentifier: 
  m_ShowMaskGraphic: 1
--- !u!114 &877170661
MonoBehaviour:
  m_ObjectHideFlags: 0
  m_PrefabParentObject: {fileID: 11479440, guid: 13155598da289b6468da0742062328f5,
    type: 2}
  m_PrefabInternal: {fileID: 1368200695}
  m_GameObject: {fileID: 877170658}
  m_Enabled: 1
  m_EditorHideFlags: 0
  m_Script: {fileID: -765806418, guid: f5f67c52d1564df4a8936ccd202a3bd8, type: 3}
  m_Name: 
  m_EditorClassIdentifier: 
  m_Material: {fileID: 0}
  m_Color: {r: 0.19215687, g: 0.2, b: 0.21176471, a: 1}
  m_RaycastTarget: 1
  m_OnCullStateChanged:
    m_PersistentCalls:
      m_Calls: []
    m_TypeName: UnityEngine.UI.MaskableGraphic+CullStateChangedEvent, UnityEngine.UI,
      Version=1.0.0.0, Culture=neutral, PublicKeyToken=null
  m_Sprite: {fileID: 21300000, guid: 7ed1238760b863f4aafde32ab3a6f28c, type: 3}
  m_Type: 1
  m_PreserveAspect: 0
  m_FillCenter: 1
  m_FillMethod: 4
  m_FillAmount: 1
  m_FillClockwise: 1
  m_FillOrigin: 0
--- !u!222 &877170662
CanvasRenderer:
  m_ObjectHideFlags: 0
  m_PrefabParentObject: {fileID: 22279452, guid: 13155598da289b6468da0742062328f5,
    type: 2}
  m_PrefabInternal: {fileID: 1368200695}
  m_GameObject: {fileID: 877170658}
--- !u!1 &878919787
GameObject:
  m_ObjectHideFlags: 0
  m_PrefabParentObject: {fileID: 179468, guid: 13155598da289b6468da0742062328f5, type: 2}
  m_PrefabInternal: {fileID: 1368200695}
  serializedVersion: 4
  m_Component:
  - 224: {fileID: 878919788}
  - 222: {fileID: 878919790}
  - 114: {fileID: 878919789}
  m_Layer: 5
  m_Name: Text
  m_TagString: Untagged
  m_Icon: {fileID: 0}
  m_NavMeshLayer: 0
  m_StaticEditorFlags: 0
  m_IsActive: 1
--- !u!224 &878919788
RectTransform:
  m_ObjectHideFlags: 0
  m_PrefabParentObject: {fileID: 22479468, guid: 13155598da289b6468da0742062328f5,
    type: 2}
  m_PrefabInternal: {fileID: 1368200695}
  m_GameObject: {fileID: 878919787}
  m_LocalRotation: {x: 0, y: 0, z: 0, w: 1}
  m_LocalPosition: {x: 0, y: 0, z: 0}
  m_LocalScale: {x: 1, y: 1, z: 1}
  m_LocalEulerAnglesHint: {x: 0, y: 0, z: 0}
  m_Children: []
  m_Father: {fileID: 824216604}
  m_RootOrder: 2
  m_AnchorMin: {x: 0.5, y: 0.5}
  m_AnchorMax: {x: 0.5, y: 0.5}
  m_AnchoredPosition: {x: 0, y: -79}
  m_SizeDelta: {x: 198, y: 42}
  m_Pivot: {x: 0.5, y: 0.5}
--- !u!114 &878919789
MonoBehaviour:
  m_ObjectHideFlags: 0
  m_PrefabParentObject: {fileID: 11479460, guid: 13155598da289b6468da0742062328f5,
    type: 2}
  m_PrefabInternal: {fileID: 1368200695}
  m_GameObject: {fileID: 878919787}
  m_Enabled: 1
  m_EditorHideFlags: 0
  m_Script: {fileID: 708705254, guid: f5f67c52d1564df4a8936ccd202a3bd8, type: 3}
  m_Name: 
  m_EditorClassIdentifier: 
  m_Material: {fileID: 0}
  m_Color: {r: 0.49264705, g: 0.49264705, b: 0.49264705, a: 1}
  m_RaycastTarget: 1
  m_OnCullStateChanged:
    m_PersistentCalls:
      m_Calls: []
    m_TypeName: UnityEngine.UI.MaskableGraphic+CullStateChangedEvent, UnityEngine.UI,
      Version=1.0.0.0, Culture=neutral, PublicKeyToken=null
  m_FontData:
    m_Font: {fileID: 12800000, guid: 218956a5c2a6e42d6a60afccf80b002b, type: 3}
    m_FontSize: 19
    m_FontStyle: 0
    m_BestFit: 0
    m_MinSize: 10
    m_MaxSize: 40
    m_Alignment: 4
    m_AlignByGeometry: 0
    m_RichText: 1
    m_HorizontalOverflow: 0
    m_VerticalOverflow: 0
    m_LineSpacing: 1
  m_Text: READY TO GO
--- !u!222 &878919790
CanvasRenderer:
  m_ObjectHideFlags: 0
  m_PrefabParentObject: {fileID: 22279470, guid: 13155598da289b6468da0742062328f5,
    type: 2}
  m_PrefabInternal: {fileID: 1368200695}
  m_GameObject: {fileID: 878919787}
--- !u!1 &965185159
GameObject:
  m_ObjectHideFlags: 0
  m_PrefabParentObject: {fileID: 179454, guid: 13155598da289b6468da0742062328f5, type: 2}
  m_PrefabInternal: {fileID: 1368200695}
  serializedVersion: 4
  m_Component:
  - 224: {fileID: 965185160}
  - 222: {fileID: 965185162}
  - 114: {fileID: 965185161}
  m_Layer: 5
  m_Name: Text
  m_TagString: Untagged
  m_Icon: {fileID: 0}
  m_NavMeshLayer: 0
  m_StaticEditorFlags: 0
  m_IsActive: 1
--- !u!224 &965185160
RectTransform:
  m_ObjectHideFlags: 0
  m_PrefabParentObject: {fileID: 22479454, guid: 13155598da289b6468da0742062328f5,
    type: 2}
  m_PrefabInternal: {fileID: 1368200695}
  m_GameObject: {fileID: 965185159}
  m_LocalRotation: {x: 0, y: 0, z: 0, w: 1}
  m_LocalPosition: {x: 0, y: 0, z: 0}
  m_LocalScale: {x: 1, y: 1, z: 1}
  m_LocalEulerAnglesHint: {x: 0, y: 0, z: 0}
  m_Children: []
  m_Father: {fileID: 735142408}
  m_RootOrder: 1
  m_AnchorMin: {x: 0.5, y: 0.5}
  m_AnchorMax: {x: 0.5, y: 0.5}
  m_AnchoredPosition: {x: 0, y: 44}
  m_SizeDelta: {x: 155.4, y: 122.1}
  m_Pivot: {x: 0.5, y: 0.5}
--- !u!114 &965185161
MonoBehaviour:
  m_ObjectHideFlags: 0
  m_PrefabParentObject: {fileID: 11479446, guid: 13155598da289b6468da0742062328f5,
    type: 2}
  m_PrefabInternal: {fileID: 1368200695}
  m_GameObject: {fileID: 965185159}
  m_Enabled: 1
  m_EditorHideFlags: 0
  m_Script: {fileID: 708705254, guid: f5f67c52d1564df4a8936ccd202a3bd8, type: 3}
  m_Name: 
  m_EditorClassIdentifier: 
  m_Material: {fileID: 0}
  m_Color: {r: 0.99215686, g: 0.4509804, b: 0.44313726, a: 1}
  m_RaycastTarget: 1
  m_OnCullStateChanged:
    m_PersistentCalls:
      m_Calls: []
    m_TypeName: UnityEngine.UI.MaskableGraphic+CullStateChangedEvent, UnityEngine.UI,
      Version=1.0.0.0, Culture=neutral, PublicKeyToken=null
  m_FontData:
    m_Font: {fileID: 12800000, guid: 0302b41c1bd344c75aa27df81f317832, type: 3}
    m_FontSize: 56
    m_FontStyle: 0
    m_BestFit: 0
    m_MinSize: 10
    m_MaxSize: 56
    m_Alignment: 4
    m_AlignByGeometry: 0
    m_RichText: 1
    m_HorizontalOverflow: 0
    m_VerticalOverflow: 0
    m_LineSpacing: 1
  m_Text: 40%
--- !u!222 &965185162
CanvasRenderer:
  m_ObjectHideFlags: 0
  m_PrefabParentObject: {fileID: 22279456, guid: 13155598da289b6468da0742062328f5,
    type: 2}
  m_PrefabInternal: {fileID: 1368200695}
  m_GameObject: {fileID: 965185159}
--- !u!1 &983620701
GameObject:
  m_ObjectHideFlags: 0
  m_PrefabParentObject: {fileID: 179476, guid: 13155598da289b6468da0742062328f5, type: 2}
  m_PrefabInternal: {fileID: 1368200695}
  serializedVersion: 4
  m_Component:
  - 224: {fileID: 983620702}
  - 222: {fileID: 983620704}
  - 114: {fileID: 983620703}
  m_Layer: 5
  m_Name: Image
  m_TagString: Untagged
  m_Icon: {fileID: 0}
  m_NavMeshLayer: 0
  m_StaticEditorFlags: 0
  m_IsActive: 1
--- !u!224 &983620702
RectTransform:
  m_ObjectHideFlags: 0
  m_PrefabParentObject: {fileID: 22479476, guid: 13155598da289b6468da0742062328f5,
    type: 2}
  m_PrefabInternal: {fileID: 1368200695}
  m_GameObject: {fileID: 983620701}
  m_LocalRotation: {x: 0, y: 0, z: 0, w: 1}
  m_LocalPosition: {x: 0, y: 0, z: 0}
  m_LocalScale: {x: 1, y: 1, z: 1}
  m_LocalEulerAnglesHint: {x: 0, y: 0, z: 0}
  m_Children: []
  m_Father: {fileID: 877170659}
  m_RootOrder: 0
  m_AnchorMin: {x: 0.5, y: 0.5}
  m_AnchorMax: {x: 0.5, y: 0.5}
  m_AnchoredPosition: {x: 0, y: 1006}
  m_SizeDelta: {x: 1536, y: 36}
  m_Pivot: {x: 0.5, y: 0.5}
--- !u!114 &983620703
MonoBehaviour:
  m_ObjectHideFlags: 0
  m_PrefabParentObject: {fileID: 11479468, guid: 13155598da289b6468da0742062328f5,
    type: 2}
  m_PrefabInternal: {fileID: 1368200695}
  m_GameObject: {fileID: 983620701}
  m_Enabled: 1
  m_EditorHideFlags: 0
  m_Script: {fileID: -765806418, guid: f5f67c52d1564df4a8936ccd202a3bd8, type: 3}
  m_Name: 
  m_EditorClassIdentifier: 
  m_Material: {fileID: 0}
  m_Color: {r: 0.17165874, g: 0.9338235, b: 0.55536926, a: 1}
  m_RaycastTarget: 1
  m_OnCullStateChanged:
    m_PersistentCalls:
      m_Calls: []
    m_TypeName: UnityEngine.UI.MaskableGraphic+CullStateChangedEvent, UnityEngine.UI,
      Version=1.0.0.0, Culture=neutral, PublicKeyToken=null
  m_Sprite: {fileID: 0}
  m_Type: 0
  m_PreserveAspect: 0
  m_FillCenter: 1
  m_FillMethod: 4
  m_FillAmount: 1
  m_FillClockwise: 1
  m_FillOrigin: 0
--- !u!222 &983620704
CanvasRenderer:
  m_ObjectHideFlags: 0
  m_PrefabParentObject: {fileID: 22279478, guid: 13155598da289b6468da0742062328f5,
    type: 2}
  m_PrefabInternal: {fileID: 1368200695}
  m_GameObject: {fileID: 983620701}
--- !u!1 &1033062636
GameObject:
  m_ObjectHideFlags: 0
  m_PrefabParentObject: {fileID: 0}
  m_PrefabInternal: {fileID: 0}
  serializedVersion: 4
  m_Component:
  - 4: {fileID: 1033062637}
  m_Layer: 0
  m_Name: __REAL_PIXELS_1536x2048
  m_TagString: Untagged
  m_Icon: {fileID: 0}
  m_NavMeshLayer: 0
  m_StaticEditorFlags: 0
  m_IsActive: 1
--- !u!4 &1033062637
Transform:
  m_ObjectHideFlags: 0
  m_PrefabParentObject: {fileID: 0}
  m_PrefabInternal: {fileID: 0}
  m_GameObject: {fileID: 1033062636}
  m_LocalRotation: {x: 0, y: 0, z: 0, w: 1}
  m_LocalPosition: {x: 494.995, y: 627.74, z: 0}
  m_LocalScale: {x: 1, y: 1, z: 1}
  m_LocalEulerAnglesHint: {x: 0, y: 0, z: 0}
  m_Children: []
  m_Father: {fileID: 0}
  m_RootOrder: 3
--- !u!1 &1033821051
GameObject:
  m_ObjectHideFlags: 0
  m_PrefabParentObject: {fileID: 179452, guid: 13155598da289b6468da0742062328f5, type: 2}
  m_PrefabInternal: {fileID: 1368200695}
  serializedVersion: 4
  m_Component:
  - 224: {fileID: 1033821052}
  - 222: {fileID: 1033821054}
  - 114: {fileID: 1033821053}
  m_Layer: 5
  m_Name: FillingObject
  m_TagString: Untagged
  m_Icon: {fileID: 0}
  m_NavMeshLayer: 0
  m_StaticEditorFlags: 0
  m_IsActive: 1
--- !u!224 &1033821052
RectTransform:
  m_ObjectHideFlags: 0
  m_PrefabParentObject: {fileID: 22479452, guid: 13155598da289b6468da0742062328f5,
    type: 2}
  m_PrefabInternal: {fileID: 1368200695}
  m_GameObject: {fileID: 1033821051}
  m_LocalRotation: {x: 0, y: 0, z: 0, w: 1}
  m_LocalPosition: {x: 0, y: 0, z: 0}
  m_LocalScale: {x: 1, y: 1, z: 1}
  m_LocalEulerAnglesHint: {x: 0, y: 0, z: 0}
  m_Children:
  - {fileID: 138322411}
  - {fileID: 485662940}
  - {fileID: 6733417}
  m_Father: {fileID: 877170659}
  m_RootOrder: 8
  m_AnchorMin: {x: 0.5, y: 0.5}
  m_AnchorMax: {x: 0.5, y: 0.5}
  m_AnchoredPosition: {x: 344, y: -505}
  m_SizeDelta: {x: 525, y: 525}
  m_Pivot: {x: 0.5, y: 0.5}
--- !u!114 &1033821053
MonoBehaviour:
  m_ObjectHideFlags: 0
  m_PrefabParentObject: {fileID: 11479444, guid: 13155598da289b6468da0742062328f5,
    type: 2}
  m_PrefabInternal: {fileID: 1368200695}
  m_GameObject: {fileID: 1033821051}
  m_Enabled: 1
  m_EditorHideFlags: 0
  m_Script: {fileID: -765806418, guid: f5f67c52d1564df4a8936ccd202a3bd8, type: 3}
  m_Name: 
  m_EditorClassIdentifier: 
  m_Material: {fileID: 0}
  m_Color: {r: 0.13854672, g: 0.14440073, b: 0.15294118, a: 1}
  m_RaycastTarget: 1
  m_OnCullStateChanged:
    m_PersistentCalls:
      m_Calls: []
    m_TypeName: UnityEngine.UI.MaskableGraphic+CullStateChangedEvent, UnityEngine.UI,
      Version=1.0.0.0, Culture=neutral, PublicKeyToken=null
  m_Sprite: {fileID: 21300000, guid: 0796c5d7e7e637d40a42ad4deab007c5, type: 3}
  m_Type: 3
  m_PreserveAspect: 0
  m_FillCenter: 1
  m_FillMethod: 4
  m_FillAmount: 1
  m_FillClockwise: 1
  m_FillOrigin: 2
--- !u!222 &1033821054
CanvasRenderer:
  m_ObjectHideFlags: 0
  m_PrefabParentObject: {fileID: 22279454, guid: 13155598da289b6468da0742062328f5,
    type: 2}
  m_PrefabInternal: {fileID: 1368200695}
  m_GameObject: {fileID: 1033821051}
--- !u!1 &1122258259
GameObject:
  m_ObjectHideFlags: 0
  m_PrefabParentObject: {fileID: 179486, guid: 13155598da289b6468da0742062328f5, type: 2}
  m_PrefabInternal: {fileID: 1368200695}
  serializedVersion: 4
  m_Component:
  - 224: {fileID: 1122258260}
  - 222: {fileID: 1122258262}
  - 114: {fileID: 1122258261}
  m_Layer: 5
  m_Name: Text
  m_TagString: Untagged
  m_Icon: {fileID: 0}
  m_NavMeshLayer: 0
  m_StaticEditorFlags: 0
  m_IsActive: 1
--- !u!224 &1122258260
RectTransform:
  m_ObjectHideFlags: 0
  m_PrefabParentObject: {fileID: 22479486, guid: 13155598da289b6468da0742062328f5,
    type: 2}
  m_PrefabInternal: {fileID: 1368200695}
  m_GameObject: {fileID: 1122258259}
  m_LocalRotation: {x: 0, y: 0, z: 0, w: 1}
  m_LocalPosition: {x: 0, y: 0, z: 0}
  m_LocalScale: {x: 1, y: 1, z: 1}
  m_LocalEulerAnglesHint: {x: 0, y: 0, z: 0}
  m_Children: []
  m_Father: {fileID: 720309815}
  m_RootOrder: 1
  m_AnchorMin: {x: 0.5, y: 0.5}
  m_AnchorMax: {x: 0.5, y: 0.5}
  m_AnchoredPosition: {x: 0, y: 34}
  m_SizeDelta: {x: 155.4, y: 122.1}
  m_Pivot: {x: 0.5, y: 0.5}
--- !u!114 &1122258261
MonoBehaviour:
  m_ObjectHideFlags: 0
  m_PrefabParentObject: {fileID: 11479482, guid: 13155598da289b6468da0742062328f5,
    type: 2}
  m_PrefabInternal: {fileID: 1368200695}
  m_GameObject: {fileID: 1122258259}
  m_Enabled: 1
  m_EditorHideFlags: 0
  m_Script: {fileID: 708705254, guid: f5f67c52d1564df4a8936ccd202a3bd8, type: 3}
  m_Name: 
  m_EditorClassIdentifier: 
  m_Material: {fileID: 0}
  m_Color: {r: 0.99215686, g: 0.4509804, b: 0.44313726, a: 1}
  m_RaycastTarget: 1
  m_OnCullStateChanged:
    m_PersistentCalls:
      m_Calls: []
    m_TypeName: UnityEngine.UI.MaskableGraphic+CullStateChangedEvent, UnityEngine.UI,
      Version=1.0.0.0, Culture=neutral, PublicKeyToken=null
  m_FontData:
    m_Font: {fileID: 12800000, guid: bd1ea67ca2b5742d1a24fcbdc17c55e1, type: 3}
    m_FontSize: 71
    m_FontStyle: 0
    m_BestFit: 0
    m_MinSize: 10
    m_MaxSize: 71
    m_Alignment: 4
    m_AlignByGeometry: 0
    m_RichText: 1
    m_HorizontalOverflow: 0
    m_VerticalOverflow: 0
    m_LineSpacing: 1
  m_Text: 800
--- !u!222 &1122258262
CanvasRenderer:
  m_ObjectHideFlags: 0
  m_PrefabParentObject: {fileID: 22279486, guid: 13155598da289b6468da0742062328f5,
    type: 2}
  m_PrefabInternal: {fileID: 1368200695}
  m_GameObject: {fileID: 1122258259}
--- !u!1001 &1368200695
Prefab:
  m_ObjectHideFlags: 0
  serializedVersion: 2
  m_Modification:
    m_TransformParent: {fileID: 0}
    m_Modifications:
    - target: {fileID: 22479484, guid: 13155598da289b6468da0742062328f5, type: 2}
      propertyPath: m_LocalPosition.x
      value: 0
      objectReference: {fileID: 0}
    - target: {fileID: 22479484, guid: 13155598da289b6468da0742062328f5, type: 2}
      propertyPath: m_LocalPosition.y
      value: 0
      objectReference: {fileID: 0}
    - target: {fileID: 22479484, guid: 13155598da289b6468da0742062328f5, type: 2}
      propertyPath: m_LocalPosition.z
      value: 0
      objectReference: {fileID: 0}
    - target: {fileID: 22479484, guid: 13155598da289b6468da0742062328f5, type: 2}
      propertyPath: m_LocalRotation.x
      value: 0
      objectReference: {fileID: 0}
    - target: {fileID: 22479484, guid: 13155598da289b6468da0742062328f5, type: 2}
      propertyPath: m_LocalRotation.y
      value: 0
      objectReference: {fileID: 0}
    - target: {fileID: 22479484, guid: 13155598da289b6468da0742062328f5, type: 2}
      propertyPath: m_LocalRotation.z
      value: 0
      objectReference: {fileID: 0}
    - target: {fileID: 22479484, guid: 13155598da289b6468da0742062328f5, type: 2}
      propertyPath: m_LocalRotation.w
      value: 1
      objectReference: {fileID: 0}
    - target: {fileID: 22479484, guid: 13155598da289b6468da0742062328f5, type: 2}
      propertyPath: m_RootOrder
      value: 0
      objectReference: {fileID: 0}
    - target: {fileID: 22479484, guid: 13155598da289b6468da0742062328f5, type: 2}
      propertyPath: m_AnchoredPosition.x
      value: 0
      objectReference: {fileID: 0}
    - target: {fileID: 22479484, guid: 13155598da289b6468da0742062328f5, type: 2}
      propertyPath: m_AnchoredPosition.y
      value: 0
      objectReference: {fileID: 0}
    - target: {fileID: 22479484, guid: 13155598da289b6468da0742062328f5, type: 2}
      propertyPath: m_SizeDelta.x
      value: 0
      objectReference: {fileID: 0}
    - target: {fileID: 22479484, guid: 13155598da289b6468da0742062328f5, type: 2}
      propertyPath: m_SizeDelta.y
      value: 0
      objectReference: {fileID: 0}
    - target: {fileID: 22479484, guid: 13155598da289b6468da0742062328f5, type: 2}
      propertyPath: m_AnchorMin.x
      value: 0
      objectReference: {fileID: 0}
    - target: {fileID: 22479484, guid: 13155598da289b6468da0742062328f5, type: 2}
      propertyPath: m_AnchorMin.y
      value: 0
      objectReference: {fileID: 0}
    - target: {fileID: 22479484, guid: 13155598da289b6468da0742062328f5, type: 2}
      propertyPath: m_AnchorMax.x
      value: 0
      objectReference: {fileID: 0}
    - target: {fileID: 22479484, guid: 13155598da289b6468da0742062328f5, type: 2}
      propertyPath: m_AnchorMax.y
      value: 0
      objectReference: {fileID: 0}
    - target: {fileID: 22479484, guid: 13155598da289b6468da0742062328f5, type: 2}
      propertyPath: m_Pivot.x
      value: 0
      objectReference: {fileID: 0}
    - target: {fileID: 22479484, guid: 13155598da289b6468da0742062328f5, type: 2}
      propertyPath: m_Pivot.y
      value: 0
      objectReference: {fileID: 0}
    m_RemovedComponents: []
  m_ParentPrefab: {fileID: 100100000, guid: 13155598da289b6468da0742062328f5, type: 2}
  m_RootGameObject: {fileID: 1462251528}
  m_IsPrefabParent: 0
--- !u!1 &1424014193
GameObject:
  m_ObjectHideFlags: 0
  m_PrefabParentObject: {fileID: 179504, guid: 13155598da289b6468da0742062328f5, type: 2}
  m_PrefabInternal: {fileID: 1368200695}
  serializedVersion: 4
  m_Component:
  - 224: {fileID: 1424014194}
  - 222: {fileID: 1424014196}
  - 114: {fileID: 1424014195}
  m_Layer: 5
  m_Name: Image
  m_TagString: Untagged
  m_Icon: {fileID: 0}
  m_NavMeshLayer: 0
  m_StaticEditorFlags: 0
  m_IsActive: 1
--- !u!224 &1424014194
RectTransform:
  m_ObjectHideFlags: 0
  m_PrefabParentObject: {fileID: 22479504, guid: 13155598da289b6468da0742062328f5,
    type: 2}
  m_PrefabInternal: {fileID: 1368200695}
  m_GameObject: {fileID: 1424014193}
  m_LocalRotation: {x: 0, y: 0, z: 0, w: 1}
  m_LocalPosition: {x: 0, y: 0, z: 0}
  m_LocalScale: {x: 1, y: 1, z: 1}
  m_LocalEulerAnglesHint: {x: 0, y: 0, z: 0}
  m_Children: []
  m_Father: {fileID: 535750550}
  m_RootOrder: 0
  m_AnchorMin: {x: 0.5, y: 0.5}
  m_AnchorMax: {x: 0.5, y: 0.5}
  m_AnchoredPosition: {x: 0, y: 34}
  m_SizeDelta: {x: 94, y: 74}
  m_Pivot: {x: 0.5, y: 0.5}
--- !u!114 &1424014195
MonoBehaviour:
  m_ObjectHideFlags: 0
  m_PrefabParentObject: {fileID: 11479504, guid: 13155598da289b6468da0742062328f5,
    type: 2}
  m_PrefabInternal: {fileID: 1368200695}
  m_GameObject: {fileID: 1424014193}
  m_Enabled: 1
  m_EditorHideFlags: 0
  m_Script: {fileID: -765806418, guid: f5f67c52d1564df4a8936ccd202a3bd8, type: 3}
  m_Name: 
  m_EditorClassIdentifier: 
  m_Material: {fileID: 0}
  m_Color: {r: 0.99215686, g: 0.4509804, b: 0.44313726, a: 1}
  m_RaycastTarget: 1
  m_OnCullStateChanged:
    m_PersistentCalls:
      m_Calls: []
    m_TypeName: UnityEngine.UI.MaskableGraphic+CullStateChangedEvent, UnityEngine.UI,
      Version=1.0.0.0, Culture=neutral, PublicKeyToken=null
  m_Sprite: {fileID: 21300000, guid: d9b97df5447d313448a38c93b42ac7a9, type: 3}
  m_Type: 0
  m_PreserveAspect: 0
  m_FillCenter: 1
  m_FillMethod: 4
  m_FillAmount: 1
  m_FillClockwise: 1
  m_FillOrigin: 0
--- !u!222 &1424014196
CanvasRenderer:
  m_ObjectHideFlags: 0
  m_PrefabParentObject: {fileID: 22279504, guid: 13155598da289b6468da0742062328f5,
    type: 2}
  m_PrefabInternal: {fileID: 1368200695}
  m_GameObject: {fileID: 1424014193}
--- !u!1 &1457288069
GameObject:
  m_ObjectHideFlags: 0
  m_PrefabParentObject: {fileID: 179466, guid: 13155598da289b6468da0742062328f5, type: 2}
  m_PrefabInternal: {fileID: 1368200695}
  serializedVersion: 4
  m_Component:
  - 224: {fileID: 1457288070}
  - 222: {fileID: 1457288072}
  - 114: {fileID: 1457288071}
  m_Layer: 5
  m_Name: FillingObject
  m_TagString: Untagged
  m_Icon: {fileID: 0}
  m_NavMeshLayer: 0
  m_StaticEditorFlags: 0
  m_IsActive: 1
--- !u!224 &1457288070
RectTransform:
  m_ObjectHideFlags: 0
  m_PrefabParentObject: {fileID: 22479466, guid: 13155598da289b6468da0742062328f5,
    type: 2}
  m_PrefabInternal: {fileID: 1368200695}
  m_GameObject: {fileID: 1457288069}
  m_LocalRotation: {x: 0, y: 0, z: 0, w: 1}
  m_LocalPosition: {x: 0, y: 0, z: 0}
  m_LocalScale: {x: 1, y: 1, z: 1}
  m_LocalEulerAnglesHint: {x: 0, y: 0, z: 0}
  m_Children: []
  m_Father: {fileID: 735142408}
  m_RootOrder: 0
  m_AnchorMin: {x: 0.5, y: 0.5}
  m_AnchorMax: {x: 0.5, y: 0.5}
  m_AnchoredPosition: {x: 0, y: 0}
  m_SizeDelta: {x: 525, y: 525}
  m_Pivot: {x: 0.5, y: 0.5}
--- !u!114 &1457288071
MonoBehaviour:
  m_ObjectHideFlags: 0
  m_PrefabParentObject: {fileID: 11479458, guid: 13155598da289b6468da0742062328f5,
    type: 2}
  m_PrefabInternal: {fileID: 1368200695}
  m_GameObject: {fileID: 1457288069}
  m_Enabled: 1
  m_EditorHideFlags: 0
  m_Script: {fileID: -765806418, guid: f5f67c52d1564df4a8936ccd202a3bd8, type: 3}
  m_Name: 
  m_EditorClassIdentifier: 
  m_Material: {fileID: 0}
  m_Color: {r: 0.99215686, g: 0.4509804, b: 0.44313726, a: 1}
  m_RaycastTarget: 1
  m_OnCullStateChanged:
    m_PersistentCalls:
      m_Calls: []
    m_TypeName: UnityEngine.UI.MaskableGraphic+CullStateChangedEvent, UnityEngine.UI,
      Version=1.0.0.0, Culture=neutral, PublicKeyToken=null
  m_Sprite: {fileID: 21300000, guid: c6157dc9c292b704b93e50622ca4095f, type: 3}
  m_Type: 3
  m_PreserveAspect: 0
  m_FillCenter: 1
  m_FillMethod: 4
  m_FillAmount: 0.402
  m_FillClockwise: 1
  m_FillOrigin: 2
--- !u!222 &1457288072
CanvasRenderer:
  m_ObjectHideFlags: 0
  m_PrefabParentObject: {fileID: 22279468, guid: 13155598da289b6468da0742062328f5,
    type: 2}
  m_PrefabInternal: {fileID: 1368200695}
  m_GameObject: {fileID: 1457288069}
--- !u!1 &1462251528
GameObject:
  m_ObjectHideFlags: 0
  m_PrefabParentObject: {fileID: 179484, guid: 13155598da289b6468da0742062328f5, type: 2}
  m_PrefabInternal: {fileID: 1368200695}
  serializedVersion: 4
  m_Component:
  - 224: {fileID: 1462251532}
  - 223: {fileID: 1462251531}
  - 114: {fileID: 1462251530}
  - 114: {fileID: 1462251529}
  m_Layer: 5
  m_Name: Charts
  m_TagString: Untagged
  m_Icon: {fileID: 0}
  m_NavMeshLayer: 0
  m_StaticEditorFlags: 0
  m_IsActive: 1
--- !u!114 &1462251529
MonoBehaviour:
  m_ObjectHideFlags: 0
  m_PrefabParentObject: {fileID: 11479480, guid: 13155598da289b6468da0742062328f5,
    type: 2}
  m_PrefabInternal: {fileID: 1368200695}
  m_GameObject: {fileID: 1462251528}
  m_Enabled: 1
  m_EditorHideFlags: 0
  m_Script: {fileID: 1301386320, guid: f5f67c52d1564df4a8936ccd202a3bd8, type: 3}
  m_Name: 
  m_EditorClassIdentifier: 
  m_IgnoreReversedGraphics: 1
  m_BlockingObjects: 0
  m_BlockingMask:
    serializedVersion: 2
    m_Bits: 4294967295
--- !u!114 &1462251530
MonoBehaviour:
  m_ObjectHideFlags: 0
  m_PrefabParentObject: {fileID: 11479478, guid: 13155598da289b6468da0742062328f5,
    type: 2}
  m_PrefabInternal: {fileID: 1368200695}
  m_GameObject: {fileID: 1462251528}
  m_Enabled: 1
  m_EditorHideFlags: 0
  m_Script: {fileID: 1980459831, guid: f5f67c52d1564df4a8936ccd202a3bd8, type: 3}
  m_Name: 
  m_EditorClassIdentifier: 
  m_UiScaleMode: 1
  m_ReferencePixelsPerUnit: 100
  m_ScaleFactor: 1
  m_ReferenceResolution: {x: 1536, y: 2048}
  m_ScreenMatchMode: 0
  m_MatchWidthOrHeight: 1
  m_PhysicalUnit: 3
  m_FallbackScreenDPI: 96
  m_DefaultSpriteDPI: 96
  m_DynamicPixelsPerUnit: 1
--- !u!223 &1462251531
Canvas:
  m_ObjectHideFlags: 0
  m_PrefabParentObject: {fileID: 22379504, guid: 13155598da289b6468da0742062328f5,
    type: 2}
  m_PrefabInternal: {fileID: 1368200695}
  m_GameObject: {fileID: 1462251528}
  m_Enabled: 1
  serializedVersion: 2
  m_RenderMode: 0
  m_Camera: {fileID: 0}
  m_PlaneDistance: 100
  m_PixelPerfect: 1
  m_ReceivesEvents: 1
  m_OverrideSorting: 0
  m_OverridePixelPerfect: 0
  m_SortingBucketNormalizedSize: 0
  m_SortingLayerID: 0
  m_SortingOrder: 0
  m_TargetDisplay: 0
--- !u!224 &1462251532
RectTransform:
  m_ObjectHideFlags: 0
  m_PrefabParentObject: {fileID: 22479484, guid: 13155598da289b6468da0742062328f5,
    type: 2}
  m_PrefabInternal: {fileID: 1368200695}
  m_GameObject: {fileID: 1462251528}
  m_LocalRotation: {x: 0, y: 0, z: 0, w: 1}
  m_LocalPosition: {x: 0, y: 0, z: 0}
  m_LocalScale: {x: 0, y: 0, z: 0}
  m_LocalEulerAnglesHint: {x: 0, y: 0, z: 0}
  m_Children:
  - {fileID: 198376621}
  - {fileID: 877170659}
  m_Father: {fileID: 0}
  m_RootOrder: 0
  m_AnchorMin: {x: 0, y: 0}
  m_AnchorMax: {x: 0, y: 0}
  m_AnchoredPosition: {x: 0, y: 0}
  m_SizeDelta: {x: 0, y: 0}
  m_Pivot: {x: 0, y: 0}
--- !u!1 &1500371475
GameObject:
  m_ObjectHideFlags: 0
  m_PrefabParentObject: {fileID: 0}
  m_PrefabInternal: {fileID: 0}
  serializedVersion: 4
  m_Component:
  - 4: {fileID: 1500371479}
  - 114: {fileID: 1500371478}
  - 114: {fileID: 1500371477}
  - 114: {fileID: 1500371476}
  m_Layer: 0
  m_Name: EventSystem
  m_TagString: Untagged
  m_Icon: {fileID: 0}
  m_NavMeshLayer: 0
  m_StaticEditorFlags: 0
  m_IsActive: 1
--- !u!114 &1500371476
MonoBehaviour:
  m_ObjectHideFlags: 0
  m_PrefabParentObject: {fileID: 0}
  m_PrefabInternal: {fileID: 0}
  m_GameObject: {fileID: 1500371475}
  m_Enabled: 1
  m_EditorHideFlags: 0
  m_Script: {fileID: 1997211142, guid: f5f67c52d1564df4a8936ccd202a3bd8, type: 3}
  m_Name: 
  m_EditorClassIdentifier: 
  m_ForceModuleActive: 0
--- !u!114 &1500371477
MonoBehaviour:
  m_ObjectHideFlags: 0
  m_PrefabParentObject: {fileID: 0}
  m_PrefabInternal: {fileID: 0}
  m_GameObject: {fileID: 1500371475}
  m_Enabled: 1
  m_EditorHideFlags: 0
  m_Script: {fileID: 1077351063, guid: f5f67c52d1564df4a8936ccd202a3bd8, type: 3}
  m_Name: 
  m_EditorClassIdentifier: 
  m_HorizontalAxis: Horizontal
  m_VerticalAxis: Vertical
  m_SubmitButton: Submit
  m_CancelButton: Cancel
  m_InputActionsPerSecond: 10
  m_RepeatDelay: 0.5
  m_ForceModuleActive: 0
--- !u!114 &1500371478
MonoBehaviour:
  m_ObjectHideFlags: 0
  m_PrefabParentObject: {fileID: 0}
  m_PrefabInternal: {fileID: 0}
  m_GameObject: {fileID: 1500371475}
  m_Enabled: 1
  m_EditorHideFlags: 0
  m_Script: {fileID: -619905303, guid: f5f67c52d1564df4a8936ccd202a3bd8, type: 3}
  m_Name: 
  m_EditorClassIdentifier: 
  m_FirstSelected: {fileID: 0}
  m_sendNavigationEvents: 1
  m_DragThreshold: 5
--- !u!4 &1500371479
Transform:
  m_ObjectHideFlags: 0
  m_PrefabParentObject: {fileID: 0}
  m_PrefabInternal: {fileID: 0}
  m_GameObject: {fileID: 1500371475}
  m_LocalRotation: {x: 0, y: 0, z: 0, w: 1}
  m_LocalPosition: {x: 0, y: 0, z: 0}
  m_LocalScale: {x: 1, y: 1, z: 1}
  m_LocalEulerAnglesHint: {x: 0, y: 0, z: 0}
  m_Children: []
  m_Father: {fileID: 0}
  m_RootOrder: 1
--- !u!1 &1511305452
GameObject:
  m_ObjectHideFlags: 0
  m_PrefabParentObject: {fileID: 0}
  m_PrefabInternal: {fileID: 0}
  serializedVersion: 4
  m_Component:
  - 4: {fileID: 1511305453}
  m_Layer: 0
  m_Name: __SET_YOUR_GAMESCREEN_TO_768x1024
  m_TagString: Untagged
  m_Icon: {fileID: 0}
  m_NavMeshLayer: 0
  m_StaticEditorFlags: 0
  m_IsActive: 1
--- !u!4 &1511305453
Transform:
  m_ObjectHideFlags: 0
  m_PrefabParentObject: {fileID: 0}
  m_PrefabInternal: {fileID: 0}
  m_GameObject: {fileID: 1511305452}
  m_LocalRotation: {x: 0, y: 0, z: 0, w: 1}
  m_LocalPosition: {x: 494.995, y: 627.74, z: 0}
  m_LocalScale: {x: 1, y: 1, z: 1}
  m_LocalEulerAnglesHint: {x: 0, y: 0, z: 0}
  m_Children: []
  m_Father: {fileID: 0}
  m_RootOrder: 2
--- !u!1 &1808511862
GameObject:
  m_ObjectHideFlags: 0
  m_PrefabParentObject: {fileID: 179464, guid: 13155598da289b6468da0742062328f5, type: 2}
  m_PrefabInternal: {fileID: 1368200695}
  serializedVersion: 4
  m_Component:
  - 224: {fileID: 1808511863}
  - 222: {fileID: 1808511865}
  - 114: {fileID: 1808511864}
  m_Layer: 5
  m_Name: Text
  m_TagString: Untagged
  m_Icon: {fileID: 0}
  m_NavMeshLayer: 0
  m_StaticEditorFlags: 0
  m_IsActive: 1
--- !u!224 &1808511863
RectTransform:
  m_ObjectHideFlags: 0
  m_PrefabParentObject: {fileID: 22479464, guid: 13155598da289b6468da0742062328f5,
    type: 2}
  m_PrefabInternal: {fileID: 1368200695}
  m_GameObject: {fileID: 1808511862}
  m_LocalRotation: {x: 0, y: 0, z: 0, w: 1}
  m_LocalPosition: {x: 0, y: 0, z: 0}
  m_LocalScale: {x: 1, y: 1, z: 1}
  m_LocalEulerAnglesHint: {x: 0, y: 0, z: 0}
  m_Children: []
  m_Father: {fileID: 735142408}
  m_RootOrder: 2
  m_AnchorMin: {x: 0.5, y: 0.5}
  m_AnchorMax: {x: 0.5, y: 0.5}
  m_AnchoredPosition: {x: 0, y: 6}
  m_SizeDelta: {x: 112.9, y: 35.7}
  m_Pivot: {x: 0.5, y: 0.5}
--- !u!114 &1808511864
MonoBehaviour:
  m_ObjectHideFlags: 0
  m_PrefabParentObject: {fileID: 11479456, guid: 13155598da289b6468da0742062328f5,
    type: 2}
  m_PrefabInternal: {fileID: 1368200695}
  m_GameObject: {fileID: 1808511862}
  m_Enabled: 1
  m_EditorHideFlags: 0
  m_Script: {fileID: 708705254, guid: f5f67c52d1564df4a8936ccd202a3bd8, type: 3}
  m_Name: 
  m_EditorClassIdentifier: 
  m_Material: {fileID: 0}
  m_Color: {r: 0.8308824, g: 0.8308824, b: 0.8308824, a: 1}
  m_RaycastTarget: 1
  m_OnCullStateChanged:
    m_PersistentCalls:
      m_Calls: []
    m_TypeName: UnityEngine.UI.MaskableGraphic+CullStateChangedEvent, UnityEngine.UI,
      Version=1.0.0.0, Culture=neutral, PublicKeyToken=null
  m_FontData:
    m_Font: {fileID: 12800000, guid: 218956a5c2a6e42d6a60afccf80b002b, type: 3}
    m_FontSize: 20
    m_FontStyle: 0
    m_BestFit: 0
    m_MinSize: 10
    m_MaxSize: 40
    m_Alignment: 4
    m_AlignByGeometry: 0
    m_RichText: 1
    m_HorizontalOverflow: 0
    m_VerticalOverflow: 0
    m_LineSpacing: 1
  m_Text: Steps
--- !u!222 &1808511865
CanvasRenderer:
  m_ObjectHideFlags: 0
  m_PrefabParentObject: {fileID: 22279466, guid: 13155598da289b6468da0742062328f5,
    type: 2}
  m_PrefabInternal: {fileID: 1368200695}
  m_GameObject: {fileID: 1808511862}
--- !u!1 &1984114428
GameObject:
  m_ObjectHideFlags: 0
  m_PrefabParentObject: {fileID: 179462, guid: 13155598da289b6468da0742062328f5, type: 2}
  m_PrefabInternal: {fileID: 1368200695}
  serializedVersion: 4
  m_Component:
  - 224: {fileID: 1984114429}
  - 222: {fileID: 1984114431}
  - 114: {fileID: 1984114430}
  m_Layer: 5
  m_Name: Text
  m_TagString: Untagged
  m_Icon: {fileID: 0}
  m_NavMeshLayer: 0
  m_StaticEditorFlags: 0
  m_IsActive: 1
--- !u!224 &1984114429
RectTransform:
  m_ObjectHideFlags: 0
  m_PrefabParentObject: {fileID: 22479462, guid: 13155598da289b6468da0742062328f5,
    type: 2}
  m_PrefabInternal: {fileID: 1368200695}
  m_GameObject: {fileID: 1984114428}
  m_LocalRotation: {x: 0, y: 0, z: 0, w: 1}
  m_LocalPosition: {x: 0, y: 0, z: 0}
  m_LocalScale: {x: 1, y: 1, z: 1}
  m_LocalEulerAnglesHint: {x: 0, y: 0, z: 0}
  m_Children: []
  m_Father: {fileID: 735142408}
  m_RootOrder: 4
  m_AnchorMin: {x: 0.5, y: 0.5}
  m_AnchorMax: {x: 0.5, y: 0.5}
  m_AnchoredPosition: {x: 0, y: -68}
  m_SizeDelta: {x: 198, y: 42}
  m_Pivot: {x: 0.5, y: 0.5}
--- !u!114 &1984114430
MonoBehaviour:
  m_ObjectHideFlags: 0
  m_PrefabParentObject: {fileID: 11479454, guid: 13155598da289b6468da0742062328f5,
    type: 2}
  m_PrefabInternal: {fileID: 1368200695}
  m_GameObject: {fileID: 1984114428}
  m_Enabled: 1
  m_EditorHideFlags: 0
  m_Script: {fileID: 708705254, guid: f5f67c52d1564df4a8936ccd202a3bd8, type: 3}
  m_Name: 
  m_EditorClassIdentifier: 
  m_Material: {fileID: 0}
  m_Color: {r: 0.49264705, g: 0.49264705, b: 0.49264705, a: 1}
  m_RaycastTarget: 1
  m_OnCullStateChanged:
    m_PersistentCalls:
      m_Calls: []
    m_TypeName: UnityEngine.UI.MaskableGraphic+CullStateChangedEvent, UnityEngine.UI,
      Version=1.0.0.0, Culture=neutral, PublicKeyToken=null
  m_FontData:
    m_Font: {fileID: 12800000, guid: 218956a5c2a6e42d6a60afccf80b002b, type: 3}
    m_FontSize: 19
    m_FontStyle: 0
    m_BestFit: 0
    m_MinSize: 10
    m_MaxSize: 40
    m_Alignment: 4
    m_AlignByGeometry: 0
    m_RichText: 1
    m_HorizontalOverflow: 0
    m_VerticalOverflow: 0
    m_LineSpacing: 1
  m_Text: READY TO GO
--- !u!222 &1984114431
CanvasRenderer:
  m_ObjectHideFlags: 0
  m_PrefabParentObject: {fileID: 22279464, guid: 13155598da289b6468da0742062328f5,
    type: 2}
  m_PrefabInternal: {fileID: 1368200695}
  m_GameObject: {fileID: 1984114428}
--- !u!1 &2006008128
GameObject:
  m_ObjectHideFlags: 0
  m_PrefabParentObject: {fileID: 179448, guid: 13155598da289b6468da0742062328f5, type: 2}
  m_PrefabInternal: {fileID: 1368200695}
  serializedVersion: 4
  m_Component:
  - 224: {fileID: 2006008129}
  - 222: {fileID: 2006008131}
  - 114: {fileID: 2006008130}
  m_Layer: 5
  m_Name: FillingObject
  m_TagString: Untagged
  m_Icon: {fileID: 0}
  m_NavMeshLayer: 0
  m_StaticEditorFlags: 0
  m_IsActive: 1
--- !u!224 &2006008129
RectTransform:
  m_ObjectHideFlags: 0
  m_PrefabParentObject: {fileID: 22479448, guid: 13155598da289b6468da0742062328f5,
    type: 2}
  m_PrefabInternal: {fileID: 1368200695}
  m_GameObject: {fileID: 2006008128}
  m_LocalRotation: {x: 0, y: 0, z: 0, w: 1}
  m_LocalPosition: {x: 0, y: 0, z: 0}
  m_LocalScale: {x: 1, y: 1, z: 1}
  m_LocalEulerAnglesHint: {x: 0, y: 0, z: 0}
  m_Children: []
  m_Father: {fileID: 720309815}
  m_RootOrder: 0
  m_AnchorMin: {x: 0.5, y: 0.5}
  m_AnchorMax: {x: 0.5, y: 0.5}
  m_AnchoredPosition: {x: 0, y: 0}
  m_SizeDelta: {x: 525, y: 525}
  m_Pivot: {x: 0.5, y: 0.5}
--- !u!114 &2006008130
MonoBehaviour:
  m_ObjectHideFlags: 0
  m_PrefabParentObject: {fileID: 11479438, guid: 13155598da289b6468da0742062328f5,
    type: 2}
  m_PrefabInternal: {fileID: 1368200695}
  m_GameObject: {fileID: 2006008128}
  m_Enabled: 1
  m_EditorHideFlags: 0
  m_Script: {fileID: -765806418, guid: f5f67c52d1564df4a8936ccd202a3bd8, type: 3}
  m_Name: 
  m_EditorClassIdentifier: 
  m_Material: {fileID: 0}
  m_Color: {r: 0.99215686, g: 0.4509804, b: 0.44313726, a: 1}
  m_RaycastTarget: 1
  m_OnCullStateChanged:
    m_PersistentCalls:
      m_Calls: []
    m_TypeName: UnityEngine.UI.MaskableGraphic+CullStateChangedEvent, UnityEngine.UI,
      Version=1.0.0.0, Culture=neutral, PublicKeyToken=null
  m_Sprite: {fileID: 21300000, guid: c6157dc9c292b704b93e50622ca4095f, type: 3}
  m_Type: 3
  m_PreserveAspect: 0
  m_FillCenter: 1
  m_FillMethod: 4
  m_FillAmount: 0.814
  m_FillClockwise: 1
  m_FillOrigin: 2
--- !u!222 &2006008131
CanvasRenderer:
  m_ObjectHideFlags: 0
  m_PrefabParentObject: {fileID: 22279450, guid: 13155598da289b6468da0742062328f5,
    type: 2}
  m_PrefabInternal: {fileID: 1368200695}
  m_GameObject: {fileID: 2006008128}
--- !u!1 &2067055350
GameObject:
  m_ObjectHideFlags: 0
  m_PrefabParentObject: {fileID: 179456, guid: 13155598da289b6468da0742062328f5, type: 2}
  m_PrefabInternal: {fileID: 1368200695}
  serializedVersion: 4
  m_Component:
  - 224: {fileID: 2067055351}
  - 222: {fileID: 2067055353}
  - 114: {fileID: 2067055352}
  m_Layer: 5
  m_Name: Text
  m_TagString: Untagged
  m_Icon: {fileID: 0}
  m_NavMeshLayer: 0
  m_StaticEditorFlags: 0
  m_IsActive: 1
--- !u!224 &2067055351
RectTransform:
  m_ObjectHideFlags: 0
  m_PrefabParentObject: {fileID: 22479456, guid: 13155598da289b6468da0742062328f5,
    type: 2}
  m_PrefabInternal: {fileID: 1368200695}
  m_GameObject: {fileID: 2067055350}
  m_LocalRotation: {x: 0, y: 0, z: 0, w: 1}
  m_LocalPosition: {x: 0, y: 0, z: 0}
  m_LocalScale: {x: 1, y: 1, z: 1}
  m_LocalEulerAnglesHint: {x: 0, y: 0, z: 0}
  m_Children: []
  m_Father: {fileID: 720309815}
  m_RootOrder: 3
  m_AnchorMin: {x: 0.5, y: 0.5}
  m_AnchorMax: {x: 0.5, y: 0.5}
  m_AnchoredPosition: {x: 0, y: -68}
  m_SizeDelta: {x: 198, y: 42}
  m_Pivot: {x: 0.5, y: 0.5}
--- !u!114 &2067055352
MonoBehaviour:
  m_ObjectHideFlags: 0
  m_PrefabParentObject: {fileID: 11479448, guid: 13155598da289b6468da0742062328f5,
    type: 2}
  m_PrefabInternal: {fileID: 1368200695}
  m_GameObject: {fileID: 2067055350}
  m_Enabled: 1
  m_EditorHideFlags: 0
  m_Script: {fileID: 708705254, guid: f5f67c52d1564df4a8936ccd202a3bd8, type: 3}
  m_Name: 
  m_EditorClassIdentifier: 
  m_Material: {fileID: 0}
  m_Color: {r: 0.49264705, g: 0.49264705, b: 0.49264705, a: 1}
  m_RaycastTarget: 1
  m_OnCullStateChanged:
    m_PersistentCalls:
      m_Calls: []
    m_TypeName: UnityEngine.UI.MaskableGraphic+CullStateChangedEvent, UnityEngine.UI,
      Version=1.0.0.0, Culture=neutral, PublicKeyToken=null
  m_FontData:
    m_Font: {fileID: 12800000, guid: 218956a5c2a6e42d6a60afccf80b002b, type: 3}
    m_FontSize: 19
    m_FontStyle: 0
    m_BestFit: 0
    m_MinSize: 10
    m_MaxSize: 40
    m_Alignment: 4
    m_AlignByGeometry: 0
    m_RichText: 1
    m_HorizontalOverflow: 0
    m_VerticalOverflow: 0
    m_LineSpacing: 1
  m_Text: READY TO GO
--- !u!222 &2067055353
CanvasRenderer:
  m_ObjectHideFlags: 0
  m_PrefabParentObject: {fileID: 22279458, guid: 13155598da289b6468da0742062328f5,
    type: 2}
  m_PrefabInternal: {fileID: 1368200695}
  m_GameObject: {fileID: 2067055350}
